3192 5325
468 1348 641 1439 CAPUT
672 1348 905 1439 PRIMUM.

288 1530 497 1605 EPISTULA
526 1532 543 1604 Ι
572 1532 629 1606 ΑΙ)
656 1531 1092 1605 THESSALONICENSES.

583 1768 778 1777 ..—.—-——-

680 1933 705 1997 I.

136 2098 140 2107 '
163 2100 201 2165 In
228 2100 336 2180 primo
360 2102 466 2182 capite
490 2101 617 2181 primae
640 2100 803 2181 epistulae
823 2102 935 2165 omnia
954 2101 1066 2166 ordine
1086 2103 1268 2181 procedunt

114 2224 179 2271 nec
203 2208 371 2271 sententia
393 2207 659 2286 interrumpitur.
685 2205 978 2286 Scriptorgaudet
1007 2209 1094 2287 quod
1118 2210 1267 2275 ministe-

114 2314 208 2378 rium
237 2329 305 2377 non
334 2314 399 2377 fuit
428 2312 500 2377 sine
519 2313 631 2377 fructu
656 2314 703 2393 (1,
733 2314 830 2389 1—5)
853 2313 967 2393 itaque
991 2313 1161 2393 praedicat
1181 2303 1270 2395 pros?

114 2436 234 2501 peram
257 2418 422 2484 Ecclesiae
446 2418 673 2484 conditionem
697 2420 746 2501 (1,
773 2416 908 2502 6-10).
932 2419 973 2484 In
995 2421 1031 2500 2,
1057 2421 1072 2483 1
1094 2420 1170 2485 illuc
1182 2423 1269 2487 redit

86 2589 92 2598 ,
115 2528 156 2592 et
178 2525 338 2605 gloriatur
357 2524 398 2589 de
417 2524 557 2589 introitu
578 2543 638 2590 suo
659 2525 797 2589 minime
824 2525 933 2618 inani,
961 2525 1015 2590 his
1034 2528 1146 2592 verbis
1166 2546 1268 2593 usus:

116 2631 208 2695 αὐτοὶ
242 2630 304 2708 γὰρ
336 2628 457 2708 οἴδατε,
486 2632 632 2707 οὶδελφοί,
665 2632 719 2705 τὴν
751 2628 862 2693 εἴσοδον
887 2632 969 2705 ἡμῶν
993 2634 1047 2706 τὴν
1070 2632 1142 2712 πρὸς
1168 2634 1268 2714 ὑμᾶς,

116 2735 166 2802 ὅτι
191 2739 224 2801 οὐ
249 2739 317 2811 κενὴ
342 2736 480 2814 γέγονεν,
505 2747 626 2802 ΑΛΛΑ
641 2785 648 2800 .
664 2785 672 2800 .
686 2787 716 2804 ..
749 2739 866 2818 Itaque
890 2743 1126 2821 exspectamus
1149 2743 1271 2824 aliquid

117 2849 159 2914 in
190 2864 266 2912 eam
297 2847 520 2928 sententiam,
555 2846 641 2926 quod
673 2845 833 2910 introitus
864 2863 973 2910 vanus
1005 2864 1070 2911 non
1100 2849 1179 2930 fuit,
1215 2851 1273 2914 aed

116 2955 273 3034 cognosci
292 2955 405 3042 potest
427 2971 469 3017 ex
489 2952 644 3017 ecclesiae
667 2951 873 3016 conditione.'
886 2952 1274 3032 Oppositionemindicat

116 3061 310 3143 conjunctio
333 3060 421 3121 ἀλλὰ
445 3061 481 3124 et
505 3059 646 3139 scriptor
668 3058 708 3123 de
727 3058 802 3138 ipsa
820 3057 958 3122 eeclesia
976 3057 1099 3138 aliquid
1120 3059 1272 3125 dicturus

119 3168 269 3234 videtur.

170 3273 244 3338 Non
268 3271 382 3354 explet
405 3273 439 3336 id
464 3271 550 3352 quod
575 3270 727 3351 promisit
752 3274 832 3336 ante
854 3288 905 3335 vs.
930 3267 987 3335 13b
998 3271 1271 3358 (παραλαβόντες,

118 3379 201 3462 cet.)
225 3379 258 3443 A
281 3396 382 3443 versu
407 3379 426 3440 2
452 3376 542 3460 (post
567 3377 666 3453 ἀλλὰ)
690 3394 797 3458 usque
821 3377 863 3441 ad
889 3376 946 3440 138ι
968 3377 1051 3441 nihil
1074 3379 1216 3457 legimus
1235 3381 1274 3446 de

118 3501 237 3568 grege,
263 3501 382 3549 verum
404 3483 516 3562 agitur
541 3483 581 3547 de
605 3486 747 3562 pastore.

171 3591 243 3656 Hoc
266 3590 399 3672 quidem
425 3592 479 3654 est
503 3588 701 3669 suspicionis
725 3588 877 3670 plenum:
902 3590 977 3669 quis
1002 3607 1105 3655 sanus
1128 3591 1178 3656 ita
1200 3593 1274 3658 scri·

121 3699 203 3764 bat:
228 3695 455 3760 ministerium
477 3709 592 3758 meum
616 3711 682 3758 non
706 3693 771 3758 fuit
791 3693 905 3776 inane,
929 3712 987 3758 san
1008 3713 1139 3776 semper
1157 3700 1275 3764 mebe-

122 3821 212 3869 num
234 3801 347 3866 virum
371 3800 552 3882 praestiti?
577 3799 701 3864 Contra
724 3801 753 3865 si
775 3799 910 3880 reliquis
933 3801 1122 3880 praeteritis
1142 3805 1275 3888 conjun-

125 3910 244 3990 gimus
274 3925 325 3972 vs.
360 3903 415 3970 13b
446 3924 523 3970 cum
554 3905 784 3986 conjunctione
809 3904 896 3966 ἀλλὰ
920 3906 955 3969 in
979 3922 1079 3970 versu
1104 3909 1138 3990 2,
1165 3913 1277 3975 emnia

126 4017 222 4080 recte
241 4013 418 4079 cohaerent
439 4013 552 4092 itaque
566 4009 808 4076 obtinebimus:
830 4007 917 4072 αὐτοὶ
933 4011 996 4086 γὰρ
1009 4012 1121 4090 οἴδατε,
1135 4013 1275 4101 disicet,

128 4120 186 4190 τὴν
218 4115 328 4180 εἴσοδον
361 4120 444 4192 ἡμῶν
476 4117 530 4188 τὴν
562 4115 632 4193 πρὸς
665 4116 764 4191 ὑμᾶς,
797 4112 842 4178 ὅτι
868 4117 900 4178 οὐ
926 4119 994 4184 κενὴ
1019 4115 1164 4195 γέγονεν,
1188 4122 1277 4186 ἀλλὰ

130 4224 375 4304 παραλαβόντες
407 4221 499 4300 λόγον
530 4223 622 4294 ἀκοῆς
655 4219 728 4299 παρ’
762 4223 845 4302 ἡμῶν
879 4222 944 4306 [τοῦ
973 4224 1051 4308 θεοῦ]
1080 4223 1221 4301 ἐδέξασθε
1246 4233 1279 4294 οὐ

132 4332 227 4410 λόγον
252 4333 409 4410 ἀνθρώπων
433 4331 520 4393 ἄλλα
545 4327 640 4398 καθώς
667 4329 727 4394 ε’ςιν
752 4330 869 4400 άληθῶς
894 4327 986 4404 λόγον
1011 4333 1086 4414 θεοῦ,
1110 4338 1173 4419 cet.

181 4439 275 4521 Quod
305 4439 334 4503 si
360 4437 520 4519 conjicere
549 4436 627 4501 licet
658 4454 866 4518 quacumque
887 4437 1027 4502 tandem
1050 4439 1089 4503 de
1112 4459 1214 4507 causa
1236 4445 1280 4509 di·

135 4545 236 4614 vulsa
266 4544 371 4610 fuisse
398 4542 486 4606 ἄλλα
502 4533 573 4620 (vs.
600 4545 630 4620 2)
654 4545 689 4608 et
713 4541 954 4619 παραλαβόντες
977 4543 1041 4627 (vs.
1070 4544 1153 4628 13b)‚
1178 4549 1281 4616 etiarn
