3192 5325
626 531 670 595 95

97 712 200 779 Etiam
227 732 277 780 vs.
312 715 372 795 57,
403 731 468 795 quo
491 715 678 780 excitamur
712 717 753 778 ut
783 715 919 791 gratum
942 711 1095 776 animum
1119 713 1226 775 osten·

96 820 220 902 dumne,
245 839 312 886 non
336 822 409 886 eius
433 837 508 885 esse
530 823 643 902 potest
668 820 725 901 qui
745 819 880 900 scripsit
899 837 949 884 us.
965 819 1018 883 54.
1043 818 1155 882 Lusus
1175 816 1233 897 qui

97 928 143 991 est
164 927 246 992 cirea
267 929 409 993 verbum
433 935 527 1008 νῖκος,
553 929 595 992 ab
619 943 657 992 eo
680 928 777 1006 plano
801 925 929 990 alienus
953 927 1015 989 est.

136 1031 223 1098 Idem
245 1033 399 1099 videmus
422 1036 438 1098 1
464 1033 535 1098 Cor.
564 1035 623 1114 15,
648 1032 735 1112 quod
759 1049 818 1113 per
841 1034 951 1096 totam
973 1029 1164 1110 Epistulam
1189 1028 1232 1093 of·

97 1135 260 1204 sendimus,
293 1139 400 1204 Sicuti
432 1142 447 1204 1
474 1140 546 1205 Gor.
572 1140 591 1202 7
616 1141 694 1220 post
717 1137 976 1218 unumquodque
1002 1133 1232 1210 1111111111-

97 1244 200 1322 quitur
223 1243 350 1328 νομίζω,
374 1246 490 1310 eodem
512 1246 610 1310 modo
634 1245 670 1309 irr
692 1245 754 1309 hoc
777 1259 906 1325 quoque
927 1242 1043 1323 Capite
1063 1242 1179 1321 gravia
1198 1243 1234 1306 et

97 1350 200 1414 tenuia
222 1351 331 1417 locum
354 1352 536 1417 alternant.

136 1454 218 1521 Sunt
256 1461 413 1523 veterum
449 1457 609 1521 vaticinia
642 1456 683 1520 de
716 1457 827 1531 morte
862 1455 897 1518 et
932 1453 1105 1535 sepultura
1140 1453 1233 1532 lesu.
1280 1513 1282 1518 .

98 1563 209 1629 Animo
232 1554 392 1629 viderunt
415 1564 595 1645 prophetae
618 1579 703 1642 quae
726 1565 861 1642 postera
885 1562 979 1624 aetas
1003 1558 1106 1624 oculis
1135 1557 1232 1623 vidit.

97 1667 245 1734 Potestne
266 1670 346 1752 quid
370 1687 444 1735 esse
467 1669 620 1736 certius?
645 1666 768 1751 (1-4).
794 1657 928 1747 Potest,
955 1663 1079 1730 Paulus
1102 1664 1232 1745 Episco-

98 1789 153 1852 pus
174 1775 236 1840 aii:
260 1756 530 1866 1111111111111111111
556 1773 766 1844 πεντακοσίοις
792 1772 940 1849 ἀδελφοῖς
967 1766 1119 1849 ἐφάπαξ·
1145 1774 1180 1836 et
1205 1771 1234 1835 si

98 1881 164 1959 quis
191 1883 295 1947 etiam
319 1873 471 1947 dubitat:
491 1882 612 1946 horum
634 1880 661 1943 οἱ
686 1878 825 1948 πλείονες
850 1877 988 1953 μένουσιν
1013 1875 1066 1947 ἕως
1093 1874 1160 1952 ἄρτι
1176 1875 1232 1960 (6).

98 1985 165 2065 lpse
191 1989 294 2053 etiam
325 1988 451 2053 Paulus
481 1988 665 2069 Episcopus
697 1987 821 2068 poterit
850 1986 1085 2051 testimonium
1109 1984 1233 2049 dicere:
1302 2042 1306 2048 .

101 2091 156 2172 ipsi
183 2113 310 2176 quoque
336 2095 437 2160 Jesus
465 2095 638 2175 apparuit,
663 2111 867 2174 quamquam
893 2093 954 2156 vix
979 2109 1052 2157 sero
1076 2091 1232 2156 tandem:

100 2200 176 2277 quod
196 2203 311 2266 tamen
334 2201 475 2267 minime
498 2198 543 2263 illi
567 2200 805 2280 imputandum
829 2201 899 2278 est,
926 2216 1007 2263 nam
1028 2198 1232 2263 occasionem

100 2309 202 2385 captat
224 2307 331 2372 0111111
348 2306 507 2372 addendi:
528 2304 736 2384 περισσότερον
759 2303 921 2371 ἀποςόλων
942 2304 1065 2368 πάντων
1079 2300 1233 2366 ἐκοπία-σοι

101 2412 233 2497 (ir—10).
259 2413 334 2478 Non
357 2414 463 2478 sentit
486 2430 588 2494 quam
611 2410 693 2476 nihil
716 2414 777 2477 hoo
802 2430 892 2477 nuno
914 2428 1080 2477 curemus.

141 2517 260 2584 Deinde
290 2519 379 2584 redit
400 2520 443 2584 ad
465 2522 566 2585 vetus
590 2519 844 2598 documentum,
870 2518 957 2599 quod
980 2536 1031 2583 vs.
1058 2519 1096 2583 21
1124 2517 1235 2582 termi-

101 2626 191 2690 natur
223 2625 339 2708 pulcra
369 2626 424 2691 illa
453 2626 678 2708 oppositione:
710 2642 768 2707 per
798 2624 970 2690 hominem
1001 2641 1091 2689 mors
1115 2625 1151 2689 11
1175 2640 1233 2704 per

101 2729 258 2797 hominem
282 2729 435 2802 οὶοοὶςοοσος
451 2731 600 2817 [vaspail.
625 2728 688 2796 Sed
700 2730 823 2797 Paulus
836 2730 1018 2811 Episcopus
1030 2731 1231 2809 vertiginem

99 2838 191 2901 sentit
220 2841 256 2903 11
286 2840 383 2919 quasi
413 2839 564 2923 legisset,
599 2856 660 2903 nos
679 2840 721 2905 ab
744 2838 880 2902 homine
904 2837 1048 2917 quodam
1071 2837 1231 2920 interfici,

98 2940 179 3007 addit
200 2961 251 3008 vs.
278 2944 320 3007 22
346 2944 519 3009 Christum
541 2962 604 3010 nos
627 2944 662 3009 in
686 2944 796 3008 vitam
820 2944 1057 3008 revocaturum
1069 2959 1153 3007 esse.
1179 2942 1234 3005 Sic
1309 3021 1312 3027 Δ

98 3046 125 3109 ei
154 3052 287 3128 paratur
321 3050 488 3114 transitus
517 3051 560 3114 ad
591 3050 834 3131 fragmentum,
870 3048 957 3128 quod
990 3048 1020 3112 11
1049 3050 1085 3111 11
1108 3046 1232 3112 deliciis

98 3155 172 3235 erat,
195 3155 282 3235 quod
305 3155 474 3219 unitatem
499 3173 566 3221 non
586 3156 723 3219 minoris
743 3154 885 3218 faciebat
898 3170 999 3233 quam
1012 3152 1231 3217 hierarchiam

100 3256 216 3343 (1112,
243 3261 283 3324 27
310 3263 385 3343 sq.).
416 3260 538 3340 Surget
561 3261 791 3341 unusquisque
817 3259 845 3321 ἕν
870 3260 911 3337 τῷ
935 3258 1082 3334 stygae
1109 3257 1171 3337 ἰδίῳ
1198 3261 1233 3324 11

100 3365 140 3429 sic
159 3368 330 3434 concident
353 3368 445 3446 regni
469 3368 600 3451 hostes,
626 3384 717 3432 unus
739 3354 819 3447 'post
841 3366 985 3431 alterum
1009 3369 1044 3429 et
1063 3382 1233 3431 morsom·

100 3472 182 3538 nium
211 3476 389 3555 postrema.
424 3473 502 3538 Jam
532 3472 624 3539 Deus
653 3473 718 3537 erit
749 3472 861 3537 omnia
891 3472 926 3535 in
950 3472 1124 3551 omnibus;
1149 3471 1233 3535 hono

100 3578 197 3644 animo
217 3579 321 3658 igitur
343 3578 489 3659 quotidie
512 3580 696 3644 moriamur
718 3577 783 3661 (vs.
810 3578 873 3654 31).
900 3578 984 3642 Tam
1003 3576 1164 3642 eximiam
1185 3591 1233 3639 oc-

100 3684 252 3751 casionem
274 3688 396 3749 nactus
419 3703 487 3750 non
509 3684 758 3765 praetermittet
781 3682 907 3749 Paulus
929 3682 1130 3763 Episcopus,
1146 3698 1232 3761 quae

100 3787 154 3867 ipsi
187 3790 388 3857 acciderunt.
423 3791 593 3870 Pugnavit
627 3789 803 3870 aliquando
837 3790 1000 3853 adversus
1035 3786 1163 3852 bestias
1198 3786 1233 3851 in

100 3910 201 3961 arena:
225 3896 258 3959 τί
281 3920 333 3971 μοι
357 3892 486 3975 ὄφελος,
510 3883 622 3976 rugat,
648 3895 673 3957 εἷ
699 3892 792 3973 νεκροὶ
818 3894 870 3956 οὐκ
885 3892 1234 3974 r'yst'povral31ngenue

101 4002 195 4077 prodit
223 4003 302 4084 quid
334 4004 460 4068 sentiat
487 4002 641 4066 animus:
666 3998 839 4080 φάγωμεν,
864 3998 992 4080 inquit,
1018 3996 1070 4060 καὶ
1095 3996 1230 4081 πίωμεν,

102 4104 125 4167 si
150 4109 270 4173 mortui
296 4126 364 4172 non
385 4110 581 4190 resurgrmt,
611 4106 819 4171 nemetiam
843 4106 916 4169 vita
939 4121 1017 4168 vere
1041 4102 1233 4168 Christiana

101 4211 171 4276 nihil
197 4230 274 4279 eum
306 4213 450 4279 delectat
479 4213 546 4277 nisi
569 4212 659 4277 adsit
683 4229 761 4292 spes
784 4210 936 4275 Paradisi
960 4208 1129 4274 coelestis.
1155 4208 1234 4275 idox

101 4315 191 4383 misso
219 4321 418 4398 argumento
450 4317 537 4398 quod
568 4319 714 4381 tractare
746 4318 917 4397 coeperat,
943 4313 1090 4379 defertur
1114 4313 1156 4377 ad
1180 4330 1235 4377 ex·

101 4418 306 4507 hortationes
344 4426 403 4490 sed
438 4425 504 4489 cito
547 4422 682 4503 corripit
717 4439 753 4488 se
785 4423 917 4504 ipsum:
949 4420 1023 4499 ποίῳ
1055 4418 1086 4483 u
1110 4416 1233 4493 σώματι

101 4521 224 4607 ἔρχονται
248 4534 273 4596 οἱ
299 4532 394 4610 νεκροί
403 4552 412 4612 ;
434 4532 521 4596 Tum
541 4530 693 4611 sequitur
713 4528 878 4595 eximium
892 4526 971 4592 illud
983 4527 1233 4605 fragmentum:
1291 4607 1296 4615 Ι
