<?xml version="1.0" encoding="UTF-8"?>
<!DOCTYPE html PUBLIC "-//W3C//DTD XHTML 1.0 Transitional//EN"
    "http://www.w3.org/TR/xhtml1/DTD/xhtml1-transitional.dtd">
<html xmlns="http://www.w3.org/1999/xhtml" xml:lang="en" lang="en">
 <head>
  <title>
</title>
<meta http-equiv="Content-Type" content="text/html;charset=utf-8" />
  <meta name='ocr-system' content='tesseract 3.04.00' />
  <meta name='ocr-capabilities' content='ocr_page ocr_carea ocr_par ocr_line ocrx_word'/>
</head>
<body>
  <div class='ocr_page' id='page_1' title='image "./verisimilialace00nabegoog_0192.png"; bbox 0 0 3192 5325; ppageno 0'>
   <div class='ocr_carea' id='block_1_1' title="bbox 829 515 953 578">
    <p class='ocr_par' dir='ltr' id='par_1_1' title="bbox 829 515 953 578">
     <span class='ocr_line' id='line_1_1' title="bbox 829 515 953 578; baseline 0.008 -1"><span class='ocrx_word' id='word_1_1' title='bbox 829 537 832 544; x_wconf 80' lang='grc'><strong><em>’</em></strong></span> <span class='ocrx_word' id='word_1_2' title='bbox 891 515 953 578; x_wconf 91' lang='grc'>168</span> 
     </span>
    </p>
   </div>
   <div class='ocr_carea' id='block_1_2' title="bbox 340 691 1571 4613">
    <p class='ocr_par' dir='ltr' id='par_1_2' title="bbox 344 691 1483 1312">
     <span class='ocr_line' id='line_1_2' title="bbox 344 691 1481 785; baseline 0.004 -27"><span class='ocrx_word' id='word_1_3' title='bbox 344 691 481 772; x_wconf 81' lang='lat' dir='ltr'>languet</span> <span class='ocrx_word' id='word_1_4' title='bbox 503 698 581 776; x_wconf 86' lang='lat' dir='ltr'>post</span> <span class='ocrx_word' id='word_1_5' title='bbox 603 696 657 768; x_wconf 71' lang='grc' dir='ltr'>τὴν</span> <span class='ocrx_word' id='word_1_6' title='bbox 677 695 878 773; x_wconf 66' lang='lat' dir='ltr'>exportaturum</span> <span class='ocrx_word' id='word_1_7' title='bbox 896 697 925 760; x_wconf 84' lang='grc' dir='ltr'>ἕο</span> <span class='ocrx_word' id='word_1_8' title='bbox 943 697 1058 778; x_wconf 68' lang='grc' dir='ltr'><em>σπουδῇ</em></span> <span class='ocrx_word' id='word_1_9' title='bbox 1079 699 1143 784; x_wconf 77' lang='lat' dir='ltr'><strong>(VS.</strong></span> <span class='ocrx_word' id='word_1_10' title='bbox 1165 701 1199 785; x_wconf 91' lang='grc'>8)</span> <span class='ocrx_word' id='word_1_11' title='bbox 1220 700 1301 767; x_wconf 88' lang='lat' dir='ltr'>illud</span> <span class='ocrx_word' id='word_1_12' title='bbox 1322 709 1360 778; x_wconf 70' lang='lat' dir='ltr'>ri</span> <span class='ocrx_word' id='word_1_13' title='bbox 1372 698 1481 780; x_wconf 69' lang='grc' dir='ltr'><em>σπουδῇ</em></span> 
     </span>
     <span class='ocr_line' id='line_1_3' title="bbox 344 799 1482 889; baseline 0.009 -29"><span class='ocrx_word' id='word_1_14' title='bbox 344 799 389 875; x_wconf 69' lang='grc' dir='ltr'>μὴ</span> <span class='ocrx_word' id='word_1_15' title='bbox 412 800 526 876; x_wconf 72' lang='grc' dir='ltr'><em>ὀκνηροί</em></span> <span class='ocrx_word' id='word_1_16' title='bbox 548 809 609 881; x_wconf 86' lang='lat' dir='ltr'>(vs.</span> <span class='ocrx_word' id='word_1_17' title='bbox 636 805 699 882; x_wconf 81' lang='grc'>11).</span> <span class='ocrx_word' id='word_1_18' title='bbox 724 805 786 870; x_wconf 83' lang='lat' dir='ltr'>Est</span> <span class='ocrx_word' id='word_1_19' title='bbox 811 805 961 871; x_wconf 91' lang='lat' dir='ltr'>omniurn</span> <span class='ocrx_word' id='word_1_20' title='bbox 984 806 1154 873; x_wconf 89' lang='lat' dir='ltr'>virtutum</span> <span class='ocrx_word' id='word_1_21' title='bbox 1176 807 1417 889; x_wconf 79' lang='lat' dir='ltr'>perfectissima</span> <span class='ocrx_word' id='word_1_22' title='bbox 1438 813 1482 887; x_wconf 85' lang='grc' dir='ltr'>φο-</span> 
     </span>
     <span class='ocr_line' id='line_1_4' title="bbox 345 902 1483 998; baseline 0.012 -32"><span class='ocrx_word' id='word_1_23' title='bbox 345 902 468 979; x_wconf 74' lang='grc' dir='ltr'><em>οοξεοίο</em></span> <span class='ocrx_word' id='word_1_24' title='bbox 499 906 614 990; x_wconf 83' lang='lat' dir='ltr'>(sicuti</span> <span class='ocrx_word' id='word_1_25' title='bbox 647 912 662 973; x_wconf 93' lang='lat'>1</span> <span class='ocrx_word' id='word_1_26' title='bbox 697 911 769 976; x_wconf 79' lang='lat' dir='ltr'>Cor.</span> <span class='ocrx_word' id='word_1_27' title='bbox 802 911 982 977; x_wconf 81' lang='lat' dir='ltr'>Clementis</span> <span class='ocrx_word' id='word_1_28' title='bbox 1013 914 1194 998; x_wconf 80' lang='lat' dir='ltr'>Romani)‘l</span> <span class='ocrx_word' id='word_1_29' title='bbox 1225 914 1391 995; x_wconf 79' lang='lat' dir='ltr'>Quomodo</span> <span class='ocrx_word' id='word_1_30' title='bbox 1414 931 1483 979; x_wconf 91' lang='lat' dir='ltr'>earn</span> 
     </span>
     <span class='ocr_line' id='line_1_5' title="bbox 345 1015 1482 1101; baseline 0.007 -26"><span class='ocrx_word' id='word_1_31' title='bbox 345 1015 549 1080; x_wconf 80' lang='lat' dir='ltr'>exercebunt</span> <span class='ocrx_word' id='word_1_32' title='bbox 572 1016 598 1080; x_wconf 84' lang='lat' dir='ltr'>oi</span> <span class='ocrx_word' id='word_1_33' title='bbox 622 1015 815 1094; x_wconf 67' lang='lat' dir='ltr'>dissipem?</span> <span class='ocrx_word' id='word_1_34' title='bbox 839 1019 947 1100; x_wconf 76' lang='lat' dir='ltr'>Quam</span> <span class='ocrx_word' id='word_1_35' title='bbox 969 1020 1115 1085; x_wconf 81' lang='lat' dir='ltr'>fractum</span> <span class='ocrx_word' id='word_1_36' title='bbox 1139 1024 1192 1086; x_wconf 91' lang='lat' dir='ltr'>est</span> <span class='ocrx_word' id='word_1_37' title='bbox 1216 1021 1302 1101; x_wconf 88' lang='lat' dir='ltr'>quod</span> <span class='ocrx_word' id='word_1_38' title='bbox 1325 1038 1482 1086; x_wconf 83' lang='lat' dir='ltr'>commen-</span> 
     </span>
     <span class='ocr_line' id='line_1_6' title="bbox 344 1119 1482 1208; baseline 0.004 -24"><span class='ocrx_word' id='word_1_39' title='bbox 344 1119 415 1184; x_wconf 87' lang='lat' dir='ltr'>dari</span> <span class='ocrx_word' id='word_1_40' title='bbox 450 1121 584 1188; x_wconf 83' lang='lat' dir='ltr'>videtur</span> <span class='ocrx_word' id='word_1_41' title='bbox 616 1142 668 1190; x_wconf 88' lang='lat' dir='ltr'>vs.</span> <span class='ocrx_word' id='word_1_42' title='bbox 704 1125 745 1189; x_wconf 87' lang='lat'>18</span> <span class='ocrx_word' id='word_1_43' title='bbox 776 1127 812 1190; x_wconf 93' lang='lat' dir='ltr'>et</span> <span class='ocrx_word' id='word_1_44' title='bbox 844 1126 942 1190; x_wconf 80' lang='lat' dir='ltr'>alitor</span> <span class='ocrx_word' id='word_1_45' title='bbox 972 1129 1062 1192; x_wconf 82' lang='lat' dir='ltr'>certe</span> <span class='ocrx_word' id='word_1_46' title='bbox 1091 1126 1198 1192; x_wconf 86' lang='lat' dir='ltr'>sensit</span> <span class='ocrx_word' id='word_1_47' title='bbox 1230 1127 1288 1208; x_wconf 91' lang='lat' dir='ltr'>qui</span> <span class='ocrx_word' id='word_1_48' title='bbox 1312 1126 1482 1208; x_wconf 77' lang='lat' dir='ltr'>scripsiti</span> 
     </span>
     <span class='ocr_line' id='line_1_7' title="bbox 345 1225 551 1312; baseline 0.024 -22"><span class='ocrx_word' id='word_1_49' title='bbox 345 1225 551 1312; x_wconf 84' lang='grc'>061.6,14.</span> 
     </span>
    </p>

    <p class='ocr_par' dir='ltr' id='par_1_3' title="bbox 343 1333 1570 1632">
     <span class='ocr_line' id='line_1_8' title="bbox 390 1333 1482 1423; baseline 0.004 -25"><span class='ocrx_word' id='word_1_50' title='bbox 390 1333 499 1415; x_wconf 75' lang='lat' dir='ltr'>Quum</span> <span class='ocrx_word' id='word_1_51' title='bbox 521 1335 601 1402; x_wconf 89' lang='lat' dir='ltr'>talis</span> <span class='ocrx_word' id='word_1_52' title='bbox 619 1340 738 1403; x_wconf 82' lang='lat' dir='ltr'>textus</span> <span class='ocrx_word' id='word_1_53' title='bbox 762 1338 907 1404; x_wconf 83' lang='lat' dir='ltr'>conditio</span> <span class='ocrx_word' id='word_1_54' title='bbox 930 1339 992 1423; x_wconf 87' lang='lat' dir='ltr'>sit,</span> <span class='ocrx_word' id='word_1_55' title='bbox 1015 1339 1086 1421; x_wconf 86' lang='lat' dir='ltr'>jam</span> <span class='ocrx_word' id='word_1_56' title='bbox 1109 1339 1192 1405; x_wconf 88' lang='lat' dir='ltr'>nihil</span> <span class='ocrx_word' id='word_1_57' title='bbox 1214 1340 1310 1406; x_wconf 88' lang='lat' dir='ltr'>nobis</span> <span class='ocrx_word' id='word_1_58' title='bbox 1335 1338 1482 1406; x_wconf 81' lang='grc'>11611161-</span> 
     </span>
     <span class='ocr_line' id='line_1_9' title="bbox 343 1442 1570 1527; baseline 0.005 -24"><span class='ocrx_word' id='word_1_59' title='bbox 343 1442 418 1504; x_wconf 90' lang='lat' dir='ltr'>turn</span> <span class='ocrx_word' id='word_1_60' title='bbox 448 1443 516 1526; x_wconf 87' lang='lat' dir='ltr'>est,</span> <span class='ocrx_word' id='word_1_61' title='bbox 550 1443 608 1508; x_wconf 85' lang='lat' dir='ltr'>sed</span> <span class='ocrx_word' id='word_1_62' title='bbox 639 1443 718 1525; x_wconf 91' lang='lat' dir='ltr'>quid</span> <span class='ocrx_word' id='word_1_63' title='bbox 746 1444 950 1511; x_wconf 85' lang='lat' dir='ltr'>ooniioiendo</span> <span class='ocrx_word' id='word_1_64' title='bbox 972 1445 1127 1526; x_wconf 81' lang='lat' dir='ltr'>proficere</span> <span class='ocrx_word' id='word_1_65' title='bbox 1151 1447 1360 1527; x_wconf 78' lang='lat' dir='ltr'>poterimus?</span> <span class='ocrx_word' id='word_1_66' title='bbox 1381 1445 1483 1510; x_wconf 89' lang='lat' dir='ltr'>Lubet</span> <span class='ocrx_word' id='word_1_67' title='bbox 1569 1499 1570 1502; x_wconf 63' lang='lat'>,</span> 
     </span>
     <span class='ocr_line' id='line_1_10' title="bbox 344 1549 636 1632; baseline 0.007 -21"><span class='ocrx_word' id='word_1_68' title='bbox 344 1549 459 1612; x_wconf 90' lang='lat' dir='ltr'>tamen</span> <span class='ocrx_word' id='word_1_69' title='bbox 482 1549 636 1632; x_wconf 84' lang='lat' dir='ltr'>experiri.</span> 
     </span>
    </p>

    <p class='ocr_par' dir='ltr' id='par_1_4' title="bbox 343 1655 1570 2699">
     <span class='ocr_line' id='line_1_11' title="bbox 388 1655 1570 1742; baseline 0.003 -23"><span class='ocrx_word' id='word_1_70' title='bbox 388 1655 545 1722; x_wconf 77' lang='lat' dir='ltr'>Fortasse</span> <span class='ocrx_word' id='word_1_71' title='bbox 579 1660 735 1723; x_wconf 91' lang='lat' dir='ltr'>tenemus</span> <span class='ocrx_word' id='word_1_72' title='bbox 768 1661 926 1739; x_wconf 79' lang='lat' dir='ltr'>excerpta</span> <span class='ocrx_word' id='word_1_73' title='bbox 960 1675 1002 1723; x_wconf 86' lang='lat' dir='ltr'>ex</span> <span class='ocrx_word' id='word_1_74' title='bbox 1033 1659 1136 1725; x_wconf 86' lang='lat' dir='ltr'>variis</span> <span class='ocrx_word' id='word_1_75' title='bbox 1166 1660 1337 1742; x_wconf 86' lang='lat' dir='ltr'>operibus,</span> <span class='ocrx_word' id='word_1_76' title='bbox 1371 1659 1483 1740; x_wconf 90' lang='lat' dir='ltr'>quibus</span> <span class='ocrx_word' id='word_1_77' title='bbox 1569 1691 1570 1696; x_wconf 65' lang='lat'>,</span> 
     </span>
     <span class='ocr_line' id='line_1_12' title="bbox 343 1760 1570 1848; baseline 0.002 -22"><span class='ocrx_word' id='word_1_78' title='bbox 343 1760 474 1828; x_wconf 84' lang='lat' dir='ltr'>diversa</span> <span class='ocrx_word' id='word_1_79' title='bbox 497 1764 626 1829; x_wconf 82' lang='lat' dir='ltr'>ratione</span> <span class='ocrx_word' id='word_1_80' title='bbox 649 1766 853 1846; x_wconf 75' lang='lat' dir='ltr'>tradebatur,</span> <span class='ocrx_word' id='word_1_81' title='bbox 875 1766 1037 1846; x_wconf 90' lang='lat' dir='ltr'>quomodo</span> <span class='ocrx_word' id='word_1_82' title='bbox 1057 1766 1134 1848; x_wconf 89' lang='lat' dir='ltr'>pius</span> <span class='ocrx_word' id='word_1_83' title='bbox 1152 1766 1304 1832; x_wconf 89' lang='lat' dir='ltr'>Israelita</span> <span class='ocrx_word' id='word_1_84' title='bbox 1325 1785 1361 1832; x_wconf 90' lang='lat' dir='ltr'>se</span> <span class='ocrx_word' id='word_1_85' title='bbox 1380 1782 1483 1846; x_wconf 79' lang='lat' dir='ltr'>gerere</span> <span class='ocrx_word' id='word_1_86' title='bbox 1569 1821 1570 1828; x_wconf 74' lang='grc'>,</span> 
     </span>
     <span class='ocr_line' id='line_1_13' title="bbox 343 1868 1484 1956; baseline 0.004 -24"><span class='ocrx_word' id='word_1_87' title='bbox 343 1868 478 1936; x_wconf 90' lang='lat' dir='ltr'>deberet</span> <span class='ocrx_word' id='word_1_88' title='bbox 500 1887 578 1950; x_wconf 84' lang='lat' dir='ltr'>erga</span> <span class='ocrx_word' id='word_1_89' title='bbox 601 1871 743 1936; x_wconf 80' lang='lat' dir='ltr'>Graecos</span> <span class='ocrx_word' id='word_1_90' title='bbox 766 1873 802 1934; x_wconf 91' lang='lat' dir='ltr'>et</span> <span class='ocrx_word' id='word_1_91' title='bbox 825 1873 1011 1956; x_wconf 85' lang='lat' dir='ltr'>Romanos,</span> <span class='ocrx_word' id='word_1_92' title='bbox 1038 1872 1238 1952; x_wconf 80' lang='lat' dir='ltr'>quibuscum</span> <span class='ocrx_word' id='word_1_93' title='bbox 1258 1873 1289 1936; x_wconf 89' lang='lat' dir='ltr'>ei</span> <span class='ocrx_word' id='word_1_94' title='bbox 1309 1872 1484 1937; x_wconf 89' lang='lat' dir='ltr'>vivendum</span> 
     </span>
     <span class='ocr_line' id='line_1_14' title="bbox 344 1977 1484 2059; baseline 0.004 -20"><span class='ocrx_word' id='word_1_95' title='bbox 344 1979 426 2041; x_wconf 91' lang='lat' dir='ltr'>erat.</span> <span class='ocrx_word' id='word_1_96' title='bbox 457 1977 512 2042; x_wconf 83' lang='lat' dir='ltr'>Sio</span> <span class='ocrx_word' id='word_1_97' title='bbox 535 1978 677 2043; x_wconf 86' lang='lat' dir='ltr'>fortasse</span> <span class='ocrx_word' id='word_1_98' title='bbox 698 1979 855 2059; x_wconf 81' lang='lat' dir='ltr'>J&#39;ubemur</span> <span class='ocrx_word' id='word_1_99' title='bbox 879 1996 948 2044; x_wconf 88' lang='lat' dir='ltr'>vss.</span> <span class='ocrx_word' id='word_1_100' title='bbox 977 1980 992 2042; x_wconf 95' lang='grc'>1</span> <span class='ocrx_word' id='word_1_101' title='bbox 1021 1981 1113 2043; x_wconf 72' lang='grc'>6121</span> <span class='ocrx_word' id='word_1_102' title='bbox 1136 1979 1307 2044; x_wconf 88' lang='lat' dir='ltr'>intentata</span> <span class='ocrx_word' id='word_1_103' title='bbox 1329 1977 1415 2044; x_wconf 85' lang='lat' dir='ltr'>mala</span> <span class='ocrx_word' id='word_1_104' title='bbox 1436 1993 1484 2058; x_wconf 81' lang='lat' dir='ltr'>pa·</span> 
     </span>
     <span class='ocr_line' id='line_1_15' title="bbox 345 2083 1484 2164; baseline 0 -17"><span class='ocrx_word' id='word_1_105' title='bbox 345 2083 470 2148; x_wconf 90' lang='lat' dir='ltr'>tienter</span> <span class='ocrx_word' id='word_1_106' title='bbox 496 2085 581 2149; x_wconf 86' lang='lat' dir='ltr'>ferre</span> <span class='ocrx_word' id='word_1_107' title='bbox 602 2102 663 2149; x_wconf 85' lang='lat' dir='ltr'>neo</span> <span class='ocrx_word' id='word_1_108' title='bbox 686 2102 881 2164; x_wconf 83' lang='lat' dir='ltr'>repugna-re.</span> <span class='ocrx_word' id='word_1_109' title='bbox 908 2085 1064 2151; x_wconf 75' lang='lat' dir='ltr'>Praestat</span> <span class='ocrx_word' id='word_1_110' title='bbox 1089 2085 1247 2151; x_wconf 82' lang='lat' dir='ltr'>victimae</span> <span class='ocrx_word' id='word_1_111' title='bbox 1269 2085 1379 2150; x_wconf 88' lang='lat' dir='ltr'>instar</span> <span class='ocrx_word' id='word_1_112' title='bbox 1402 2087 1484 2149; x_wconf 85' lang='lat' dir='ltr'>stare</span> 
     </span>
     <span class='ocr_line' id='line_1_16' title="bbox 345 2188 1483 2273; baseline -0.001 -20"><span class='ocrx_word' id='word_1_113' title='bbox 345 2190 387 2254; x_wconf 89' lang='lat' dir='ltr'>ad</span> <span class='ocrx_word' id='word_1_114' title='bbox 418 2207 512 2255; x_wconf 90' lang='lat' dir='ltr'>aram</span> <span class='ocrx_word' id='word_1_115' title='bbox 542 2194 588 2267; x_wconf 91' lang='lat' dir='ltr'>(et</span> <span class='ocrx_word' id='word_1_116' title='bbox 618 2192 671 2255; x_wconf 86' lang='lat' dir='ltr'>hio</span> <span class='ocrx_word' id='word_1_117' title='bbox 694 2192 836 2256; x_wconf 82' lang='lat' dir='ltr'>fortasse</span> <span class='ocrx_word' id='word_1_118' title='bbox 860 2191 982 2271; x_wconf 86' lang='lat' dir='ltr'>dignus</span> <span class='ocrx_word' id='word_1_119' title='bbox 1006 2195 1059 2257; x_wconf 91' lang='lat' dir='ltr'>est</span> <span class='ocrx_word' id='word_1_120' title='bbox 1083 2192 1139 2273; x_wconf 89' lang='lat' dir='ltr'>qui</span> <span class='ocrx_word' id='word_1_121' title='bbox 1162 2192 1353 2257; x_wconf 82' lang='lat' dir='ltr'>conferatur</span> <span class='ocrx_word' id='word_1_122' title='bbox 1376 2188 1483 2256; x_wconf 86' lang='lat' dir='ltr'>Strabo</span> 
     </span>
     <span class='ocr_line' id='line_1_17' title="bbox 345 2296 1481 2380; baseline 0.001 -21"><span class='ocrx_word' id='word_1_123' title='bbox 345 2313 376 2376; x_wconf 90' lang='lat' dir='ltr'>p.</span> <span class='ocrx_word' id='word_1_124' title='bbox 401 2296 499 2380; x_wconf 80' lang='grc'>484);</span> <span class='ocrx_word' id='word_1_125' title='bbox 523 2299 673 2378; x_wconf 89' lang='lat' dir='ltr'>praestat</span> <span class='ocrx_word' id='word_1_126' title='bbox 696 2297 788 2362; x_wconf 92' lang='lat' dir='ltr'>omni</span> <span class='ocrx_word' id='word_1_127' title='bbox 812 2300 962 2380; x_wconf 87' lang='lat' dir='ltr'>tempore</span> <span class='ocrx_word' id='word_1_128' title='bbox 985 2301 1142 2380; x_wconf 87' lang='lat' dir='ltr'>paratum</span> <span class='ocrx_word' id='word_1_129' title='bbox 1166 2315 1240 2364; x_wconf 89' lang='lat' dir='ltr'>esse</span> <span class='ocrx_word' id='word_1_130' title='bbox 1264 2298 1305 2363; x_wconf 92' lang='lat' dir='ltr'>ad</span> <span class='ocrx_word' id='word_1_131' title='bbox 1330 2301 1481 2375; x_wconf 85' lang='lat' dir='ltr'>mortem,</span> 
     </span>
     <span class='ocr_line' id='line_1_18' title="bbox 345 2403 1482 2486; baseline -0.001 -20"><span class='ocrx_word' id='word_1_132' title='bbox 345 2403 453 2467; x_wconf 91' lang='lat' dir='ltr'>multo</span> <span class='ocrx_word' id='word_1_133' title='bbox 483 2405 544 2468; x_wconf 88' lang='lat' dir='ltr'>hoo</span> <span class='ocrx_word' id='word_1_134' title='bbox 567 2406 718 2483; x_wconf 84' lang='lat' dir='ltr'>praestat</span> <span class='ocrx_word' id='word_1_135' title='bbox 742 2405 855 2485; x_wconf 87' lang='lat' dir='ltr'>potius</span> <span class='ocrx_word' id='word_1_136' title='bbox 878 2423 980 2486; x_wconf 90' lang='lat' dir='ltr'>quam</span> <span class='ocrx_word' id='word_1_137' title='bbox 1004 2423 1082 2471; x_wconf 88' lang='lat' dir='ltr'>oum</span> <span class='ocrx_word' id='word_1_138' title='bbox 1105 2405 1240 2470; x_wconf 77' lang='lat' dir='ltr'>Graecis</span> <span class='ocrx_word' id='word_1_139' title='bbox 1263 2403 1482 2484; x_wconf 78' lang='lat' dir='ltr'>congraerari:</span> 
     </span>
     <span class='ocr_line' id='line_1_19' title="bbox 345 2508 1483 2591; baseline 0 -19"><span class='ocrx_word' id='word_1_140' title='bbox 345 2508 408 2573; x_wconf 89' lang='lat' dir='ltr'>hoo</span> <span class='ocrx_word' id='word_1_141' title='bbox 439 2512 511 2573; x_wconf 94' lang='lat' dir='ltr'>erat</span> <span class='ocrx_word' id='word_1_142' title='bbox 541 2508 627 2590; x_wconf 87' lang='lat' dir='ltr'>quod</span> <span class='ocrx_word' id='word_1_143' title='bbox 649 2510 800 2575; x_wconf 90' lang='lat' dir='ltr'>nonnulli</span> <span class='ocrx_word' id='word_1_144' title='bbox 823 2510 1045 2577; x_wconf 75' lang='lat' dir='ltr'>inculcabant.</span> <span class='ocrx_word' id='word_1_145' title='bbox 1072 2512 1190 2591; x_wconf 86' lang='lat' dir='ltr'>Aequa</span> <span class='ocrx_word' id='word_1_146' title='bbox 1214 2527 1310 2575; x_wconf 86' lang='lat' dir='ltr'>mens</span> <span class='ocrx_word' id='word_1_147' title='bbox 1332 2511 1369 2574; x_wconf 92' lang='lat' dir='ltr'>in</span> <span class='ocrx_word' id='word_1_148' title='bbox 1392 2511 1483 2576; x_wconf 90' lang='lat' dir='ltr'>rebus</span> 
     </span>
     <span class='ocr_line' id='line_1_20' title="bbox 345 2613 1384 2699; baseline 0.001 -20"><span class='ocrx_word' id='word_1_149' title='bbox 345 2613 458 2679; x_wconf 87' lang='lat' dir='ltr'>arduis</span> <span class='ocrx_word' id='word_1_150' title='bbox 482 2615 663 2681; x_wconf 88' lang='lat' dir='ltr'>servanda:</span> <span class='ocrx_word' id='word_1_151' title='bbox 688 2616 751 2681; x_wconf 85' lang='lat' dir='ltr'>hoe</span> <span class='ocrx_word' id='word_1_152' title='bbox 773 2617 932 2683; x_wconf 84' lang='lat' dir='ltr'>doeemur</span> <span class='ocrx_word' id='word_1_153' title='bbox 957 2635 1026 2683; x_wconf 81' lang='lat' dir='ltr'>uss.</span> <span class='ocrx_word' id='word_1_154' title='bbox 1055 2618 1114 2699; x_wconf 82' lang='lat'>14;</span> <span class='ocrx_word' id='word_1_155' title='bbox 1144 2615 1217 2699; x_wconf 53' lang='lat'>1725</span> <span class='ocrx_word' id='word_1_156' title='bbox 1245 2619 1302 2699; x_wconf 88' lang='lat'>19;</span> <span class='ocrx_word' id='word_1_157' title='bbox 1329 2618 1384 2682; x_wconf 84' lang='grc'>21.</span> 
     </span>
    </p>

    <p class='ocr_par' dir='ltr' id='par_1_5' title="bbox 344 2721 1571 3342">
     <span class='ocr_line' id='line_1_21' title="bbox 392 2721 1483 2803; baseline 0 -18"><span class='ocrx_word' id='word_1_158' title='bbox 392 2721 521 2786; x_wconf 89' lang='lat' dir='ltr'>Verum</span> <span class='ocrx_word' id='word_1_159' title='bbox 554 2722 609 2786; x_wconf 88' lang='lat' dir='ltr'>alii</span> <span class='ocrx_word' id='word_1_160' title='bbox 643 2724 705 2788; x_wconf 85' lang='lat' dir='ltr'>hoe</span> <span class='ocrx_word' id='word_1_161' title='bbox 739 2723 982 2803; x_wconf 86' lang='lat' dir='ltr'>improbabant.</span> <span class='ocrx_word' id='word_1_162' title='bbox 1008 2724 1142 2789; x_wconf 87' lang='lat' dir='ltr'>Nemini</span> <span class='ocrx_word' id='word_1_163' title='bbox 1165 2724 1366 2789; x_wconf 86' lang='lat' dir='ltr'>oedendum:</span> <span class='ocrx_word' id='word_1_164' title='bbox 1387 2725 1483 2789; x_wconf 90' lang='lat' dir='ltr'>bonae</span> 
     </span>
     <span class='ocr_line' id='line_1_22' title="bbox 345 2829 1571 2925; baseline -0.003 -30"><span class='ocrx_word' id='word_1_165' title='bbox 345 2845 465 2895; x_wconf 85' lang='lat' dir='ltr'>causae</span> <span class='ocrx_word' id='word_1_166' title='bbox 497 2829 716 2911; x_wconf 88' lang='lat' dir='ltr'>studendum,</span> <span class='ocrx_word' id='word_1_167' title='bbox 749 2830 854 2896; x_wconf 90' lang='lat' dir='ltr'>etiam</span> <span class='ocrx_word' id='word_1_168' title='bbox 881 2848 974 2897; x_wconf 90' lang='lat' dir='ltr'>arma</span> <span class='ocrx_word' id='word_1_169' title='bbox 1009 2832 1190 2897; x_wconf 89' lang='lat' dir='ltr'>sumenda:</span> <span class='ocrx_word' id='word_1_170' title='bbox 1214 2832 1275 2897; x_wconf 88' lang='lat' dir='ltr'>hoo</span> <span class='ocrx_word' id='word_1_171' title='bbox 1300 2831 1485 2910; x_wconf 85' lang='lat' dir='ltr'>incorrupta</span> <span class='ocrx_word' id='word_1_172' title='bbox 1570 2892 1571 2925; x_wconf 25' lang='grc' dir='ltr'>ἢ</span> 
     </span>
     <span class='ocr_line' id='line_1_23' title="bbox 345 2935 1571 3025; baseline -0.002 -24"><span class='ocrx_word' id='word_1_173' title='bbox 345 2936 468 3001; x_wconf 81' lang='lat' dir='ltr'>caritas</span> <span class='ocrx_word' id='word_1_174' title='bbox 489 2936 672 3016; x_wconf 82' lang='lat' dir='ltr'>flagitabat.</span> <span class='ocrx_word' id='word_1_175' title='bbox 696 2937 828 3002; x_wconf 88' lang='lat' dir='ltr'>Mutata</span> <span class='ocrx_word' id='word_1_176' title='bbox 846 2939 1015 3003; x_wconf 89' lang='lat' dir='ltr'>sententia</span> <span class='ocrx_word' id='word_1_177' title='bbox 1034 2938 1138 3002; x_wconf 91' lang='lat' dir='ltr'>etiam</span> <span class='ocrx_word' id='word_1_178' title='bbox 1157 2937 1296 3017; x_wconf 82' lang='lat' dir='ltr'>ignavos</span> <span class='ocrx_word' id='word_1_179' title='bbox 1312 2935 1485 3015; x_wconf 83' lang='lat' dir='ltr'>intelligere</span> <span class='ocrx_word' id='word_1_180' title='bbox 1570 3016 1571 3025; x_wconf 8' lang='grc' dir='ltr'>ἵ</span> 
     </span>
     <span class='ocr_line' id='line_1_24' title="bbox 345 3036 1571 3127; baseline 0.002 -18"><span class='ocrx_word' id='word_1_181' title='bbox 345 3045 534 3127; x_wconf 89' lang='lat' dir='ltr'>oportebat,</span> <span class='ocrx_word' id='word_1_182' title='bbox 568 3061 652 3126; x_wconf 89' lang='lat' dir='ltr'>quae</span> <span class='ocrx_word' id='word_1_183' title='bbox 680 3044 817 3110; x_wconf 91' lang='lat' dir='ltr'>tandem</span> <span class='ocrx_word' id='word_1_184' title='bbox 839 3044 899 3109; x_wconf 90' lang='lat' dir='ltr'>Dei</span> <span class='ocrx_word' id='word_1_185' title='bbox 922 3046 1079 3110; x_wconf 88' lang='lat' dir='ltr'>voluntas</span> <span class='ocrx_word' id='word_1_186' title='bbox 1102 3048 1210 3110; x_wconf 92' lang='lat' dir='ltr'>esset:</span> <span class='ocrx_word' id='word_1_187' title='bbox 1233 3044 1304 3125; x_wconf 90' lang='lat' dir='ltr'>jam</span> <span class='ocrx_word' id='word_1_188' title='bbox 1329 3060 1347 3107; x_wconf 95' lang='lat' dir='ltr'>e</span> <span class='ocrx_word' id='word_1_189' title='bbox 1370 3042 1484 3119; x_wconf 80' lang='lat' dir='ltr'>longin-</span> <span class='ocrx_word' id='word_1_190' title='bbox 1570 3036 1571 3111; x_wconf 68' lang='grc' dir='ltr'>Ϊ</span> 
     </span>
     <span class='ocr_line' id='line_1_25' title="bbox 344 3148 1484 3234; baseline -0.003 -19"><span class='ocrx_word' id='word_1_191' title='bbox 344 3168 408 3231; x_wconf 91' lang='lat' dir='ltr'>quo</span> <span class='ocrx_word' id='word_1_192' title='bbox 442 3150 683 3215; x_wconf 78' lang='lat' dir='ltr'>exaudiebatur</span> <span class='ocrx_word' id='word_1_193' title='bbox 713 3153 857 3234; x_wconf 86' lang='lat' dir='ltr'>tessera,</span> <span class='ocrx_word' id='word_1_194' title='bbox 890 3168 974 3232; x_wconf 87' lang='lat' dir='ltr'>quae</span> <span class='ocrx_word' id='word_1_195' title='bbox 1004 3152 1121 3216; x_wconf 92' lang='lat' dir='ltr'>multis</span> <span class='ocrx_word' id='word_1_196' title='bbox 1153 3149 1294 3216; x_wconf 82' lang='lat' dir='ltr'>saeculis</span> <span class='ocrx_word' id='word_1_197' title='bbox 1318 3152 1395 3231; x_wconf 89' lang='lat' dir='ltr'>post</span> <span class='ocrx_word' id='word_1_198' title='bbox 1418 3148 1484 3213; x_wconf 90' lang='lat' dir='ltr'>Hie·</span> 
     </span>
     <span class='ocr_line' id='line_1_26' title="bbox 345 3254 1287 3342; baseline -0.002 -21"><span class='ocrx_word' id='word_1_199' title='bbox 345 3257 512 3339; x_wconf 87' lang='lat' dir='ltr'>rosolyma</span> <span class='ocrx_word' id='word_1_200' title='bbox 534 3257 676 3321; x_wconf 88' lang='lat' dir='ltr'>evertit:</span> <span class='ocrx_word' id='word_1_201' title='bbox 699 3256 788 3321; x_wconf 81' lang='lat' dir='ltr'>Deae</span> <span class='ocrx_word' id='word_1_202' title='bbox 811 3258 882 3322; x_wconf 80' lang='lat' dir='ltr'>vult</span> <span class='ocrx_word' id='word_1_203' title='bbox 907 3256 960 3342; x_wconf 86' lang='lat' dir='ltr'>(ef.</span> <span class='ocrx_word' id='word_1_204' title='bbox 985 3275 1054 3324; x_wconf 82' lang='lat' dir='ltr'>uss.</span> <span class='ocrx_word' id='word_1_205' title='bbox 1081 3254 1134 3338; x_wconf 77' lang='lat' dir='ltr'>2b;</span> <span class='ocrx_word' id='word_1_206' title='bbox 1160 3259 1198 3339; x_wconf 77' lang='lat'>93</span> <span class='ocrx_word' id='word_1_207' title='bbox 1225 3257 1287 3333; x_wconf 88' lang='grc'>11).</span> 
     </span>
    </p>

    <p class='ocr_par' dir='ltr' id='par_1_6' title="bbox 340 3360 1490 4613">
     <span class='ocr_line' id='line_1_27' title="bbox 394 3360 1486 3446; baseline -0.003 -18"><span class='ocrx_word' id='word_1_208' title='bbox 394 3360 593 3428; x_wconf 87' lang='lat' dir='ltr'>Rebellionis</span> <span class='ocrx_word' id='word_1_209' title='bbox 615 3365 765 3442; x_wconf 90' lang='lat' dir='ltr'>tempore</span> <span class='ocrx_word' id='word_1_210' title='bbox 787 3380 894 3445; x_wconf 89' lang='lat' dir='ltr'>neque</span> <span class='ocrx_word' id='word_1_211' title='bbox 917 3364 979 3428; x_wconf 89' lang='lat' dir='ltr'>hoo</span> <span class='ocrx_word' id='word_1_212' title='bbox 1002 3381 1107 3446; x_wconf 88' lang='lat' dir='ltr'>neque</span> <span class='ocrx_word' id='word_1_213' title='bbox 1132 3364 1211 3428; x_wconf 90' lang='lat' dir='ltr'>illud</span> <span class='ocrx_word' id='word_1_214' title='bbox 1230 3364 1314 3428; x_wconf 88' lang='lat' dir='ltr'>satis</span> <span class='ocrx_word' id='word_1_215' title='bbox 1334 3364 1486 3445; x_wconf 90' lang='lat' dir='ltr'>probabat</span> 
     </span>
     <span class='ocr_line' id='line_1_28' title="bbox 346 3468 1487 3551; baseline -0.003 -15"><span class='ocrx_word' id='word_1_216' title='bbox 346 3470 469 3536; x_wconf 89' lang='lat' dir='ltr'>tertius</span> <span class='ocrx_word' id='word_1_217' title='bbox 497 3468 649 3548; x_wconf 89' lang='lat' dir='ltr'>quidam,</span> <span class='ocrx_word' id='word_1_218' title='bbox 677 3471 809 3533; x_wconf 87' lang='lat' dir='ltr'>veteres</span> <span class='ocrx_word' id='word_1_219' title='bbox 833 3470 995 3551; x_wconf 83' lang='lat' dir='ltr'>scepticos</span> <span class='ocrx_word' id='word_1_220' title='bbox 1017 3470 1190 3550; x_wconf 85' lang='lat' dir='ltr'>imitatus,</span> <span class='ocrx_word' id='word_1_221' title='bbox 1218 3470 1275 3551; x_wconf 90' lang='lat' dir='ltr'>qui</span> <span class='ocrx_word' id='word_1_222' title='bbox 1295 3470 1487 3551; x_wconf 88' lang='lat' dir='ltr'>jamdudum</span> 
     </span>
     <span class='ocr_line' id='line_1_29' title="bbox 340 3574 1487 3657; baseline -0.002 -16"><span class='ocrx_word' id='word_1_223' title='bbox 340 3577 383 3641; x_wconf 79' lang='lat' dir='ltr'>&#39;in</span> <span class='ocrx_word' id='word_1_224' title='bbox 407 3574 608 3640; x_wconf 75' lang='lat' dir='ltr'>Ecclesiaste</span> <span class='ocrx_word' id='word_1_225' title='bbox 629 3575 767 3657; x_wconf 83' lang='lat' dir='ltr'>legerat,</span> <span class='ocrx_word' id='word_1_226' title='bbox 792 3576 972 3641; x_wconf 84' lang='lat' dir='ltr'>vitandum</span> <span class='ocrx_word' id='word_1_227' title='bbox 1004 3594 1078 3642; x_wconf 88' lang='lat' dir='ltr'>esse</span> <span class='ocrx_word' id='word_1_228' title='bbox 1111 3592 1209 3641; x_wconf 89' lang='lat' dir='ltr'>omne</span> <span class='ocrx_word' id='word_1_229' title='bbox 1240 3576 1327 3657; x_wconf 88' lang='lat' dir='ltr'>quod</span> <span class='ocrx_word' id='word_1_230' title='bbox 1350 3577 1487 3642; x_wconf 89' lang='lat' dir='ltr'>nimium</span> 
     </span>
     <span class='ocr_line' id='line_1_30' title="bbox 346 3673 1488 3762; baseline -0.002 -13"><span class='ocrx_word' id='word_1_231' title='bbox 346 3686 442 3749; x_wconf 77' lang='lat' dir='ltr'>foret.</span> <span class='ocrx_word' id='word_1_232' title='bbox 473 3682 528 3755; x_wconf 79' lang='lat' dir='ltr'>Mb</span> <span class='ocrx_word' id='word_1_233' title='bbox 558 3683 769 3761; x_wconf 76' lang='grc' dir='ltr'>ὑπερφρονεῖν,</span> <span class='ocrx_word' id='word_1_234' title='bbox 795 3684 863 3749; x_wconf 78' lang='lat' dir='ltr'>scil.</span> <span class='ocrx_word' id='word_1_235' title='bbox 887 3688 939 3747; x_wconf 80' lang='grc' dir='ltr'>τοῦ</span> <span class='ocrx_word' id='word_1_236' title='bbox 966 3683 1113 3761; x_wconf 78' lang='grc' dir='ltr'><em>θοοοοὶτοο,</em></span> <span class='ocrx_word' id='word_1_237' title='bbox 1140 3681 1215 3762; x_wconf 70' lang='grc' dir='ltr'><em>παρ’</em></span> <span class='ocrx_word' id='word_1_238' title='bbox 1241 3673 1255 3746; x_wconf 74' lang='grc' dir='ltr'>ὃ</span> <span class='ocrx_word' id='word_1_239' title='bbox 1280 3682 1340 3747; x_wconf 76' lang='grc' dir='ltr'><em>δεῖ·</em></span> <span class='ocrx_word' id='word_1_240' title='bbox 1365 3684 1488 3749; x_wconf 82' lang='lat' dir='ltr'>nullum</span> 
     </span>
     <span class='ocr_line' id='line_1_31' title="bbox 347 3788 1487 3871; baseline -0.002 -16"><span class='ocrx_word' id='word_1_241' title='bbox 347 3792 445 3856; x_wconf 89' lang='lat' dir='ltr'>norat</span> <span class='ocrx_word' id='word_1_242' title='bbox 474 3788 592 3854; x_wconf 87' lang='lat' dir='ltr'>utilius</span> <span class='ocrx_word' id='word_1_243' title='bbox 621 3789 814 3867; x_wconf 88' lang='lat' dir='ltr'>eonsilium;</span> <span class='ocrx_word' id='word_1_244' title='bbox 846 3792 881 3855; x_wconf 93' lang='lat' dir='ltr'>et</span> <span class='ocrx_word' id='word_1_245' title='bbox 911 3808 972 3856; x_wconf 89' lang='lat' dir='ltr'>nos</span> <span class='ocrx_word' id='word_1_246' title='bbox 1003 3809 1093 3857; x_wconf 90' lang='lat' dir='ltr'>nuno</span> <span class='ocrx_word' id='word_1_247' title='bbox 1115 3808 1253 3857; x_wconf 84' lang='lat' dir='ltr'>oausam</span> <span class='ocrx_word' id='word_1_248' title='bbox 1276 3791 1487 3871; x_wconf 83' lang='lat' dir='ltr'>intelligimus</span> 
     </span>
     <span class='ocr_line' id='line_1_32' title="bbox 347 3896 1486 3978; baseline -0.004 -16"><span class='ocrx_word' id='word_1_249' title='bbox 347 3914 406 3963; x_wconf 84' lang='lat' dir='ltr'>eur</span> <span class='ocrx_word' id='word_1_250' title='bbox 436 3899 606 3977; x_wconf 91' lang='lat' dir='ltr'>postrema</span> <span class='ocrx_word' id='word_1_251' title='bbox 637 3896 739 3961; x_wconf 84' lang='lat' dir='ltr'>verba</span> <span class='ocrx_word' id='word_1_252' title='bbox 767 3896 847 3962; x_wconf 88' lang='lat' dir='ltr'>olim</span> <span class='ocrx_word' id='word_1_253' title='bbox 869 3897 1003 3971; x_wconf 50' lang='lat' dir='ltr'>omissas</span> <span class='ocrx_word' id='word_1_254' title='bbox 1017 3898 1097 3963; x_wconf 89' lang='lat' dir='ltr'>sint.</span> <span class='ocrx_word' id='word_1_255' title='bbox 1122 3898 1254 3963; x_wconf 89' lang='lat' dir='ltr'>Zelotae</span> <span class='ocrx_word' id='word_1_256' title='bbox 1278 3915 1320 3963; x_wconf 89' lang='lat' dir='ltr'>ne</span> <span class='ocrx_word' id='word_1_257' title='bbox 1341 3899 1486 3978; x_wconf 83' lang='lat' dir='ltr'>urgeant.</span> 
     </span>
     <span class='ocr_line' id='line_1_33' title="bbox 347 4002 1488 4085; baseline -0.001 -17"><span class='ocrx_word' id='word_1_258' title='bbox 347 4004 440 4082; x_wconf 85' lang='lat' dir='ltr'>Agat</span> <span class='ocrx_word' id='word_1_259' title='bbox 470 4002 699 4083; x_wconf 89' lang='lat' dir='ltr'>unusquisque</span> <span class='ocrx_word' id='word_1_260' title='bbox 722 4019 781 4083; x_wconf 89' lang='lat' dir='ltr'>pro</span> <span class='ocrx_word' id='word_1_261' title='bbox 811 4002 887 4067; x_wconf 88' lang='lat' dir='ltr'>fidei</span> <span class='ocrx_word' id='word_1_262' title='bbox 911 4019 1078 4068; x_wconf 88' lang='lat' dir='ltr'>mensura.</span> <span class='ocrx_word' id='word_1_263' title='bbox 1115 4003 1231 4083; x_wconf 85' lang='lat' dir='ltr'>Populi</span> <span class='ocrx_word' id='word_1_264' title='bbox 1254 4007 1344 4079; x_wconf 82' lang='grc' dir='ltr'><em>οῶμοο</em></span> <span class='ocrx_word' id='word_1_265' title='bbox 1369 4004 1488 4085; x_wconf 90' lang='lat' dir='ltr'>est‚in</span> 
     </span>
     <span class='ocr_line' id='line_1_34' title="bbox 348 4105 1489 4192; baseline 0 -20"><span class='ocrx_word' id='word_1_266' title='bbox 348 4126 412 4189; x_wconf 90' lang='lat' dir='ltr'>quo</span> <span class='ocrx_word' id='word_1_267' title='bbox 443 4108 672 4189; x_wconf 90' lang='lat' dir='ltr'>unusquisque</span> <span class='ocrx_word' id='word_1_268' title='bbox 696 4125 797 4173; x_wconf 89' lang='lat' dir='ltr'>suum</span> <span class='ocrx_word' id='word_1_269' title='bbox 820 4108 921 4173; x_wconf 90' lang='lat' dir='ltr'>habet</span> <span class='ocrx_word' id='word_1_270' title='bbox 945 4109 1119 4188; x_wconf 85' lang='lat' dir='ltr'>negotium</span> <span class='ocrx_word' id='word_1_271' title='bbox 1139 4105 1292 4192; x_wconf 70' lang='grc' dir='ltr'>(πρᾶξιν),</span> <span class='ocrx_word' id='word_1_272' title='bbox 1314 4127 1376 4174; x_wconf 87' lang='lat' dir='ltr'>neo</span> <span class='ocrx_word' id='word_1_273' title='bbox 1399 4110 1489 4174; x_wconf 90' lang='lat' dir='ltr'>debet</span> 
     </span>
     <span class='ocr_line' id='line_1_35' title="bbox 348 4212 1489 4294; baseline 0.001 -14"><span class='ocrx_word' id='word_1_274' title='bbox 348 4215 388 4280; x_wconf 94' lang='lat' dir='ltr'>de</span> <span class='ocrx_word' id='word_1_275' title='bbox 417 4212 510 4294; x_wconf 92' lang='lat' dir='ltr'>plebe</span> <span class='ocrx_word' id='word_1_276' title='bbox 533 4213 632 4279; x_wconf 92' lang='lat' dir='ltr'>horno</span> <span class='ocrx_word' id='word_1_277' title='bbox 654 4213 823 4294; x_wconf 91' lang='lat' dir='ltr'>adspirare</span> <span class='ocrx_word' id='word_1_278' title='bbox 846 4215 888 4279; x_wconf 91' lang='lat' dir='ltr'>ad</span> <span class='ocrx_word' id='word_1_279' title='bbox 912 4215 1039 4280; x_wconf 86' lang='lat' dir='ltr'>famam</span> <span class='ocrx_word' id='word_1_280' title='bbox 1063 4216 1182 4281; x_wconf 88' lang='lat' dir='ltr'>herois.</span> <span class='ocrx_word' id='word_1_281' title='bbox 1208 4214 1285 4281; x_wconf 82' lang='lat' dir='ltr'>Sint</span> <span class='ocrx_word' id='word_1_282' title='bbox 1308 4216 1405 4281; x_wconf 93' lang='lat' dir='ltr'>modo</span> <span class='ocrx_word' id='word_1_283' title='bbox 1429 4233 1489 4281; x_wconf 88' lang='lat' dir='ltr'>rna·</span> 
     </span>
     <span class='ocr_line' id='line_1_36' title="bbox 348 4317 1490 4405; baseline 0 -19"><span class='ocrx_word' id='word_1_284' title='bbox 348 4323 517 4401; x_wconf 91' lang='lat' dir='ltr'>neantque</span> <span class='ocrx_word' id='word_1_285' title='bbox 541 4321 584 4394; x_wconf 70' lang='lat' dir='ltr'>ab</span> <span class='ocrx_word' id='word_1_286' title='bbox 617 4319 658 4382; x_wconf 75' lang='grc' dir='ltr'>τὰ</span> <span class='ocrx_word' id='word_1_287' title='bbox 694 4317 802 4399; x_wconf 68' lang='grc' dir='ltr'><em>ὑψηλοὶ</em></span> <span class='ocrx_word' id='word_1_288' title='bbox 835 4324 1030 4400; x_wconf 76' lang='grc' dir='ltr'><em>φρονοῦντες·</em></span> <span class='ocrx_word' id='word_1_289' title='bbox 1065 4339 1159 4405; x_wconf 90' lang='lat' dir='ltr'>spem</span> <span class='ocrx_word' id='word_1_290' title='bbox 1183 4321 1275 4387; x_wconf 87' lang='lat' dir='ltr'>alant</span> <span class='ocrx_word' id='word_1_291' title='bbox 1299 4339 1359 4387; x_wconf 89' lang='lat' dir='ltr'>neo</span> <span class='ocrx_word' id='word_1_292' title='bbox 1383 4338 1490 4404; x_wconf 85' lang='lat' dir='ltr'>preces</span> 
     </span>
     <span class='ocr_line' id='line_1_37' title="bbox 349 4425 1490 4510; baseline 0 -19"><span class='ocrx_word' id='word_1_293' title='bbox 349 4426 525 4505; x_wconf 84' lang='lat' dir='ltr'>negligant.</span> <span class='ocrx_word' id='word_1_294' title='bbox 551 4426 760 4507; x_wconf 82' lang='lat' dir='ltr'>Prospiciant</span> <span class='ocrx_word' id='word_1_295' title='bbox 780 4428 907 4492; x_wconf 83' lang='lat' dir='ltr'>sanetis</span> <span class='ocrx_word' id='word_1_296' title='bbox 926 4427 1266 4509; x_wconf 86' lang='lat' dir='ltr'>(Hierosolymitanis,</span> <span class='ocrx_word' id='word_1_297' title='bbox 1284 4426 1361 4492; x_wconf 90' lang='lat' dir='ltr'>vide</span> <span class='ocrx_word' id='word_1_298' title='bbox 1380 4425 1490 4510; x_wconf 88' lang='lat' dir='ltr'>supra)</span> 
     </span>
     <span class='ocr_line' id='line_1_38' title="bbox 348 4530 1489 4613; baseline 0 -16"><span class='ocrx_word' id='word_1_299' title='bbox 348 4535 385 4597; x_wconf 93' lang='lat' dir='ltr'>et</span> <span class='ocrx_word' id='word_1_300' title='bbox 414 4530 573 4611; x_wconf 80' lang='lat' dir='ltr'>fugitivos</span> <span class='ocrx_word' id='word_1_301' title='bbox 608 4531 785 4612; x_wconf 83' lang='lat' dir='ltr'>excipiant.</span> <span class='ocrx_word' id='word_1_302' title='bbox 822 4532 952 4598; x_wconf 86' lang='lat' dir='ltr'>Vivant</span> <span class='ocrx_word' id='word_1_303' title='bbox 982 4533 1122 4613; x_wconf 90' lang='lat' dir='ltr'>denique</span> <span class='ocrx_word' id='word_1_304' title='bbox 1158 4534 1200 4597; x_wconf 90' lang='lat' dir='ltr'>ab</span> <span class='ocrx_word' id='word_1_305' title='bbox 1237 4532 1329 4599; x_wconf 90' lang='lat' dir='ltr'>omni</span> <span class='ocrx_word' id='word_1_306' title='bbox 1350 4532 1489 4613; x_wconf 87' lang='lat' dir='ltr'>strepitu</span> 
     </span>
    </p>
   </div>
   <div class='ocr_carea' id='block_1_3' title="bbox 0 0 1607 5325">
    <p class='ocr_par' dir='ltr' id='par_1_7' title="bbox 0 0 1607 5325">
     <span class='ocr_line' id='line_1_39' title="bbox 0 0 1607 5325; baseline 0 0"><span class='ocrx_word' id='word_1_307' title='bbox 0 0 1607 5325; x_wconf 95' lang='lat' dir='ltr'> </span> 
     </span>
    </p>
   </div>
  </div>
 </body>
</html>
