3192 5325
652 550 716 616 293

107 732 291 798 constricta
312 732 445 798 incedit.
473 732 658 819 „Purgare”
682 731 772 815 vult,
789 728 965 816 „servare”
990 728 1081 796 vult:
1104 729 1166 794 hoc
1184 727 1255 808 agit

107 839 147 901 ut
169 855 272 922 verce
294 837 417 903 Paulus
440 839 477 903 in
500 840 588 904 clara
611 840 683 905 luce
707 839 892 905 collocetur.

155 942 388 1010 Straatmanni
418 945 542 1011 vitium
572 947 696 1011 vitium
726 948 780 1012 est
807 945 968 1010 omnium.
992 941 1161 1021 Ὓπέθεσις
1192 940 1257 1006 fuit

106 1051 142 1115 in
177 1050 273 1116 Novo
307 1051 524 1117 Testamento
557 1053 697 1133 aliquod·
721 1052 933 1133 primitivum
966 1050 1103 1132 reperiri
1138 1063 1255 1130 posse,

106 1155 242 1222 etiamsi
272 1156 306 1220 id
337 1157 432 1222 hodie
456 1175 534 1223 cum
562 1158 802 1224 additamentis
832 1157 938 1222 multo
962 1156 1140 1222 serioribus
1172 1170 1256 1218 com-

106 1261 255 1327 mixtum
278 1265 378 1328 esset.
402 1263 501 1328 Error
524 1265 577 1329 hic
588 1267 652 1329 est.
672 1264 772 1330 Valet
783 1265 824 1329 de
836 1280 923 1329 novo
937 1264 1154 1329 Testamento
1165 1259 1252 1341 quod

106 1368 199 1432 valet
221 1368 262 1433 de
284 1369 458 1435 ruderibus
481 1369 516 1435 in
537 1370 677 1436 Graecia
695 1373 730 1435 et
754 1370 838 1436 Asia
861 1370 996 1435 Minore.
1021 1369 1107 1434 Fode
1126 1385 1165 1432 ac
1188 1382 1256 1448 per·

107 1474 198 1540 fode:
222 1492 408 1556 numquam
431 1475 583 1542 invenies
606 1465 852 1542 architecturae
871 1476 986 1557 initia;
1014 1475 1101 1556 quod
1123 1472 1257 1538 invene-

106 1581 154 1645 ris
177 1581 466 1665 vetustissimum,
499 1599 632 1662 semper
664 1599 759 1664 spem
789 1583 871 1648 facit
902 1584 986 1648 artis
1009 1583 1112 1648 etiam
1145 1581 1257 1644 vetus-

105 1685 214 1750 tioris.

155 1791 290 1872 Σκληρός
316 1793 415 1860 dervi
443 1791 535 1872 λόγος
560 1789 664 1866 odrae:
697 1795 911 1861 dulcissimus
941 1811 1032 1859 error
1063 1796 1116 1858 est
1145 1808 1258 1856 rerum

106 1899 206 1965 initia
228 1900 300 1964 erui
322 1900 498 1981 aliquando
521 1919 628 1983 posse.
664 1902 902 1984 interpretatio
921 1903 992 1983 jam
1023 1918 1090 1966 non
1113 1897 1257 1979 amplius

107 2006 284 2071 ancillatur
306 2007 497 2086 theologiae.
522 2008 672 2089 Optime:
699 2009 796 2073 modo
820 2025 862 2073 ne
885 2026 974 2074 nova
986 2009 1133 2073 servitus
1147 2021 1259 2070 succe-
1317 2085 1319 2088 Ι

106 2113 176 2177 dat.
212 2113 361 2192 Pergunt
383 2114 584 2195 interpretes
609 2131 765 2196 quaerere
790 2114 1085 2201 „vetustissimum
1110 2113 1257 2190 Evange-

106 2218 213 2283 lium’'
244 2221 280 2283 et
311 2219 536 2285 Christianam
567 2220 759 2300 religionem
793 2239 945 2306 „veram‚
979 2237 1114 2307 puram,
1149 2217 1258 2300 primi·

106 2324 249 2389 tivam.'’
302 2325 494 2391 Effodienda
529 2328 609 2392 haec
644 2327 771 2393 scilicet
818 2330 915 2410 sunt,
952 2329 992 2392 ut
1024 2325 1111 2391 laeto
1146 2325 1258 2389 animo

107 2449 271 2512 opponere
291 2432 460 2513 possimus
482 2432 682 2514 depravatae
702 2434 868 2500 Ecclesiae
890 2433 1113 2499 recentionrm
1133 2435 1256 2512 tempo-

106 2556 200 2618 rum,
236 2538 450 2604 orthodoxiae
481 2557 548 2604 non
579 2540 692 2605 minus
723 2540 967 2606 catholicorum
997 2556 1099 2621 quam
1130 2537 1257 2601 Protes-

107 2642 305 2723 tantium1).

151 2751 324 2829 Evangelii
347 2752 455 2836 prima
476 2754 572 2817 initia
601 2753 638 2817 in
663 2754 757 2819 Novo
778 2754 994 2819 Testamento
1024 2754 1255 2833 exponuntur:

106 2858 188 2922 haec
211 2857 307 2921 nobis
336 2857 500 2937 Carthago
524 2859 661 2924 delenda
692 2862 766 2940 est,
799 2859 900 2923 sicuti
929 2862 1066 2940 patrum
1097 2857 1258 2922 memoria

106 2962 253 3041 theologi
270 2965 435 3043 quotquot
457 2964 556 3028 libere
571 2963 785 3046 judicabant,
818 2964 991 3029 delendam
1023 2963 1259 3042 Carthaginem

105 3070 298 3134 habuerunt
327 3069 382 3141 riv
407 3068 611 3134 θεοπνευςίαν.
648 3070 898 3135 commonstrat
929 3086 1022 3134 sacer
1052 3070 1156 3135 codex
1182 3086 1258 3149 quo·

105 3175 203 3239 mode
228 3174 417 3241 Christiana
447 3174 559 3254 religio
584 3178 700 3257 posteo
731 3192 805 3240 sese
836 3175 1009 3255 explicarit
1035 3177 1071 3238 et
1102 3174 1259 3255 expansis

104 3280 168 3345 alis
190 3280 257 3345 alte
277 3281 436 3357 evolarit,
460 3299 565 3361 quum
590 3282 663 3361 ipsa
686 3281 775 3359 origo
799 3279 978 3360 repetenda
1001 3280 1047 3345 sit
1067 3280 1109 3345 ab
1132 3283 1257 3361 tempo-

105 3388 199 3451 ribus
230 3386 336 3451 multo
367 3387 608 3452 vetustioribus
638 3404 741 3466 quam
773 3387 875 3467 hujus
905 3403 1001 3451 aerae
1028 3386 1164 3450 initium
1195 3388 1258 3450 est.

106 3492 199 3573 Quod
232 3491 378 3573 plerique
408 3493 548 3557 credunt
578 3510 652 3558 esse
684 3492 720 3557 in
752 3493 847 3558 Novo
880 3493 1096 3557 Testamenta
1127 3491 1270 3578 aliquod

143 3696 172 3760 1)
190 3695 234 3743 Est
250 3710 306 3743 sane
322 3694 474 3743 vehementer
497 3695 628 3743 laudandus
652 3694 746 3743 leteri
761 3694 832 3743 liber:
859 3694 906 3743 Die
929 3694 1079 3758 Eatetelmnp
1102 3696 1145 3743 der
1161 3694 1256 3757 Apoko-

110 3781 187 3841 lypee,
203 3777 229 3825 in
246 3792 294 3839 quo
308 3777 375 3825 docte
391 3776 516 3841 quaeritur
533 3777 650 3840 quomodo
669 3776 731 3824 ratio
749 3776 824 3840 possit
842 3776 909 3824 reddi
926 3776 1034 3825 omnium
1051 3792 1134 3825 eornm
1152 3791 1211 3839 quae
1229 3776 1255 3824 iu

109 3862 260 3909 sacrote1tn
278 3858 446 3917 observantur,
469 3859 509 3906 sed
526 3858 617 3907 evitare
634 3874 681 3907 non
698 3858 778 3923 potuit
797 3874 918 3916 errorem,
938 3858 980 3922 qni
998 3858 1122 3907 derivatur
1138 3874 1166 3907 ex
1182 3858 1256 3923 hypo·

109 3941 186 3999 thesi,
205 3957 265 4005 quae
290 3949 369 3989 tamen
392 3940 462 4005 plane
486 3937 662 3997 ἀναπόδεικτος
687 3945 734 3998 est,
761 3941 789 3988 de
812 3940 928 3989 Ecclesiae
948 3940 1031 3989 initiis.
1060 3941 1099 3989 Ita
1123 3940 1186 3989 enim
1210 3940 1255 3989 sibi

105 4024 224 4089 persuasit
241 4024 391 4088 presbyteros
412 4023 483 4071 fuisse
502 4026 630 4087 antequam
647 4023 770 4088 episcopas
791 4023 937 4073 constitutus
955 4026 1015 4071 esset
1033 4022 1151 4087 fuisseque
1169 4022 1195 4071 in
1212 4023 1255 4071 llo-

104 4105 178 4155 clesia
194 4105 328 4154 multorum
345 4104 450 4169 regimen
467 4109 593 4169 antequam
608 4108 712 4169 potestas
737 4105 860 4153 deveniret
877 4106 906 4154 ad
926 4122 1005 4154 unum.
1034 4105 1194 4169 Consequitur
1213 4108 1254 4165 ut,

105 4189 126 4237 ai
143 4188 208 4236 forte
224 4189 297 4251 Apoc.
315 4188 331 4235 2
349 4191 373 4235 et
390 4189 405 4235 3
423 4184 536 4249 ἅγγελος
554 4190 712 4245 memoratur,
737 4188 778 4251 qui
797 4188 861 4237 solus
883 4187 909 4236 in
928 4187 1031 4235 Ecclesia
1051 4190 1147 4250 regnat,
1173 4187 1256 4236 statim

106 4274 131 4319 et
147 4270 200 4318 sine
216 4285 283 4318 mora
300 4271 412 4327 affirmet,
431 4284 485 4318 cnm
503 4265 615 4329 ἅγγελος
631 4270 695 4318 idem
711 4269 743 4317 sit
761 4269 802 4333 qni
820 4270 954 4334 episcopus,
973 4269 1017 4317 illa
1027 4262 1114 4333 ¹capita
1133 4270 1256 4318 referenda

103 4368 154 4400 esse
170 4352 202 4399 ad
218 4350 318 4400 alteram
335 4351 361 4399 iu
378 4350 494 4399 Ecclesiae
515 4350 616 4399 historia
639 4352 772 4415 periodum.
799 4353 863 4410 Nos,
887 4352 946 4400 dum
971 4367 1022 4400 rem
1048 4352 1211 4416 repetebamus
1228 4350 1256 4400 sb

126 4434 200 4483 hristi
217 4432 332 4497 imagine,
354 4434 488 4482 invenimus
512 4433 628 4482 Ecclesiae
647 4433 673 4482 in
697 4434 752 4482 Asia
770 4435 867 4483 Minora
885 4434 971 4499 quibus
990 4431 1103 4497 ἅγγελος
1126 4437 1254 4500 praeesset,

106 4518 147 4566 sed
164 4516 235 4584 plane
252 4516 389 4584 ignoramus
405 4515 508 4566 fueritne
524 4516 564 4565 hic
581 4515 710 4583 Episcopus
727 4532 806 4567 necne.
