3192 5325
870 445 935 509 248

325 630 526 711 praesente?
562 627 679 692 Nonne
714 643 858 708 sponsus
893 628 946 692 est
980 630 1015 692 11
1048 627 1105 708 qui
1139 627 1224 692 circa
1257 644 1334 692 eum
1371 629 1471 706 sunt,

324 735 439 816 sponsi
473 731 597 816 filii1)‘l
633 732 775 798 Obviam
806 733 845 797 fit
868 733 987 814 loculo,
1013 737 1090 814 post
1112 750 1213 814 quem
1236 736 1341 798 mater
1368 733 1473 799 vidua
1574 767 1575 774 1

324 839 577 906 lacrimabunda
608 839 754 920 procedit
785 838 820 904 11
852 839 993 920 simplici
1017 841 1138 906 verbo:
1163 840 1382 923 Adulescens,
1411 841 1473 906 tibi

324 948 414 1027 dico,
441 963 557 1026 surge,
579 946 686 1010 reddit
707 946 815 1010 filium
834 945 934 1010 matri
947 941 981 1024 ⁵).
1006 946 1182 1026 Ingressus
1204 948 1339 1013 domum
1358 948 1472 1013 Phari-

221 1099 224 1102 ·
324 1053 393 1118 saei
419 1090 450 1097 -
476 1052 589 1132 itaque
620 1050 807 1116 Pharisaeis
840 1051 988 1117 nondum
1020 1053 1093 1118 odio
1125 1056 1178 1118 est
1196 1091 1227 1098 —
1246 1055 1401 1133 tangitur
1433 1055 1474 1118 ad

323 1176 459 1225 coenam
490 1175 511 1222 a
541 1156 695 1240 muliere,
721 1175 806 1238 quae
829 1161 902 1222 erat
925 1159 960 1222 in
984 1159 1122 1224 civitate
1144 1163 1321 1241 peccatrix.
1345 1165 1473 1229 Remit-

322 1269 443 1331 tuntur
468 1265 513 1350 ei,
540 1265 664 1360 inquit,
688 1266 825 1345 peccata
844 1263 968 1344 multa,
991 1266 1149 1346 quoniam
1168 1265 1285 1332 dilexit
1305 1269 1472 1351 multum;
1574 1287 1575 1294 ³

321 1372 439 1439 deinde
462 1374 503 1438 ad
528 1370 702 1437 muherem
727 1370 836 1451 ipsam
860 1387 1059 1436 conversus:
1083 1371 1164 1436 fides
1189 1375 1265 1456 tua,
1288 1374 1417 1456 inquit,
1439 1379 1473 1441 te

323 1481 451 1544 salvam
475 1480 570 1544 fecit:
597 1477 681 1541 vade
704 1477 740 1540 in
763 1493 843 1557 pace
858 1477 890 1553 ³).
926 1475 1081 1542 Mulieres
1101 1477 1248 1562 aliquae,
1271 1497 1355 1560 quae
1373 1484 1473 1546 erant
1574 1545 1575 1552 ,

323 1589 458 1652 curatae
481 1603 502 1656 a
525 1584 698 1666 spiritibus
718 1585 754 1646 et
778 1581 1090 1666 infirmitatibus⁴l,
1116 1583 1352 1650 ministrabant
1371 1588 1408 1678 ,ei
1433 1586 1472 1651 de

253 1880 255 1884 v
321 1801 422 1865 habet
445 1798 502 1863 ubi
525 1799 627 1878 caput
649 1795 795 1859 reclinet.

198 1766 205 1777 ⁸
321 1692 538 1757 facultatibus
562 1690 651 1769 suis;
675 1688 755 1753 adeo
778 1688 832 1753 hic
855 1705 922 1753 non
946 1691 999 1753 est
1023 1688 1077 1753 ille
1097 1689 1296 1756 miserabilis
1320 1693 1376 1773 qui
1405 1711 1472 1758 non
1574 1777 1575 1780 Ἴ

367 1906 459 1970 Nihil
481 1907 534 1969 est
558 1920 617 1967 cur
639 1902 693 1966 hio
711 1901 801 1966 vitet
820 1901 970 1967 Gentiles
989 1903 1042 1967 vel
1062 1873 1300 1970 samaritanos.
1325 1905 1472 1971 Nuncios
1574 1881 1575 1904 ³

319 2012 428 2076 mittit
459 2011 495 2074 in
525 2009 699 2074 civitatem
731 2007 1019 2073 Samaritanorum
1049 2011 1089 2072 ut
1119 2009 1304 2090 hospitium
1333 2015 1471 2092 parent;

324 2118 465 2182 redeunt
497 2115 620 2180 infecta
650 2132 685 2178 re
715 2117 751 2177 et
782 2113 936 2193 discipuli
958 2114 1071 2192 ignem
1095 2115 1133 2178 de
1157 2116 1245 2180 coelo
1270 2117 1470 2198 deposcunt,
1574 2103 1575 2110 ἵ

321 2227 361 2288 ut
384 2223 431 2287 iili
455 2223 704 2288 consumantur.
737 2220 946 2299 Respondet:
972 2219 1118 2285 Nescitis
1142 2221 1237 2286 cuius
1260 2223 1400 2303 spiritus
1424 2241 1471 2286 es·
1574 2279 1575 2296 2

321 2331 385 2395 tis:
406 2329 509 2394 Filius
530 2327 675 2392 hominis
697 2344 763 2391 non
784 2325 881 2390 venit
900 2326 1031 2390 animas
1049 2311 1276 2407 perdere,sed
1290 2327 1421 2394 salvare
1434 2329 1469 2411 5).
1574 2359 1575 2366 1

322 2437 400 2500 Mox
431 2433 663 2499 Samaritanus
694 2430 886 2513 exemplum
908 2431 973 2498 erit
995 2432 1239 2499 misericordiae
1263 2451 1365 2515 quam
1387 2452 1471 2500 com·
1574 2467 1575 2518 ,

322 2539 495 2618 mendat⁸)
519 2543 555 2604 11
577 2555 729 2604 exercere
752 2539 930 2622 debemus,
953 2538 1110 2618 quoniam
1130 2539 1324 2620 exemplum
1344 2541 1470 2606 imitari
1574 2575 1575 2578 ¹

321 2648 478 2715 debemus
501 2646 561 2712 Dei
585 2645 814 2710 misericordis.

366 2754 447 2818 llius
470 2753 530 2817 Dei
554 2752 697 2830 cognitio
720 2751 891 2832 proprium
915 2754 969 2817 est
992 2752 1139 2817 officium
1161 2752 1262 2817 huius
1286 2754 1412 2819 Christi
1435 2756 1468 2819 ei

320 2863 359 2925 ut
392 2860 557 2924 describat
588 2857 700 2922 omnia
731 2857 939 2937 complexam
972 2858 1082 2923 Patris
1105 2859 1297 2943 caritatem,
1326 2864 1400 2925 tam
1423 2865 1466 2925 11-

320 2984 400 3031 nera
421 2963 523 3030 verba
546 2964 684 3045 reperit,
710 2963 820 3044 qualia
842 2980 1028 3044 numquam
1053 2966 1152 3029 antea
1176 2966 1291 3029 audita
1314 2966 1466 3047 fuerant3

321 3072 417 3152 modo
447 3071 513 3135 leni
544 3070 650 3136 ironia
673 3068 833 3148 colorata,
860 3070 955 3134 modo
977 3070 1110 3150 perfusa
1134 3089 1247 3151 succe,
1273 3073 1330 3152 qui
1353 3074 1390 3137 in
1412 3075 1467 3137 hu-

321 3194 422 3242 mana
446 3179 569 3242 natura
591 3175 741 3256 optimus
763 3177 827 3240 est.
863 3176 938 3241 Non
962 3176 1053 3240 dabit
1074 3178 1155 3241 deus
1174 3178 1303 3258 petenti
1323 3178 1390 3244 filio
1411 3196 1468 3259 pro

320 3300 407 3365 pane
435 3283 579 3364 lapidem
615 3284 651 3346 11
674 3300 732 3363 pro
757 3299 821 3347 ovo
845 3283 1066 3363 scorpionem!
1104 3284 1178 3348 Non
1199 3284 1271 3348 hiat
1294 3285 1467 3367 inexsupe-

188 3443 190 3446 .
320 3389 422 3454 rabile
455 3389 671 3453 intervallum
701 3389 789 3453 inter
821 3390 907 3453 bona
937 3392 972 3455 11
1002 3389 1107 3470 mala,
1137 3406 1205 3455 non
1228 3395 1282 3456 est
1304 3392 1369 3456 illic
1394 3394 1465 3472 via,

319 3496 421 3578 lapis,
456 3495 616 3575 carduus;
650 3495 703 3559 hic
726 3498 842 3559 autem
866 3497 951 3560 bona
974 3498 1080 3560 terra:
1105 3496 1173 3561 imo
1197 3498 1313 3576 corrigi
1336 3501 1465 3581 potest,

321 3602 408 3684 quod
432 3619 452 3666 a
478 3603 569 3665 recta
591 3600 648 3664 via
670 3600 822 3682 deflexit;
847 3604 928 3666 sunt
950 3602 1095 3667 amissae
1114 3620 1210 3683 oves,
1225 3604 1283 3668 sed
1302 3606 1467 3672 amissum
1574 3620 1575 3623 ’

321 3724 448 3786 agnum
478 3708 592 3787 pastor
622 3704 732 3770 laetus
753 3706 903 3771 humeris
927 3707 998 3771 suis
1022 3707 1158 3772 domum
1181 3686 1302 3789 portat.
1328 3710 1466 3777 Amissa

320 3814 476 3879 drachma
507 3815 575 3892 est,
612 3811 670 3877 sed
701 3812 840 3891 diligens
876 3812 1127 3879 materfamilias
1163 3815 1300 3880 domum
1323 3818 1464 3901 everrit,

357 4061 381 4120 1)
398 4062 454 4129 Luc.
475 4061 497 4114 5,
517 4059 548 4106 34
566 4075 617 4123 sqq.

356 4141 383 4205 2)
401 4142 457 4189 Ino.
476 4139 500 4196 7,
517 4141 547 4190 11
566 4156 617 4205 sqq.

356 4223 384 4289 3)
401 4223 457 4271 Luc.
476 4222 499 4278 7,
518 4224 624 4273 36-50.

332 4369 334 4373 Ι
356 4304 385 4369 4)
401 4304 457 4351 Luc.
476 4304 500 4359 8,
517 4304 532 4351 2
547 4320 581 4367 sq.

358 4390 381 4446 5)
398 4386 455 4433 Luc.
474 4386 497 4440 9,
516 4386 555 4441 66,
575 4387 703 4437 secundum
720 4389 847 4439 nonnullos
863 4390 950 4447 libros;
967 4394 1030 4441 corte
1049 4392 1088 4448 la,
1105 4394 1146 4445 10.

356 4468 383 4533 6)
400 4468 456 4516 Luc.
475 4467 515 4522 10,
533 4469 564 4516 25
583 4484 631 4531 sqq.
