3192 5325
887 521 950 584 274

342 705 439 784 sunt,
467 702 495 766 si
519 702 598 782 quid
621 701 705 766 forte
724 703 884 782 praebent
903 702 990 781 quod
1009 702 1191 767 editoribus
1212 703 1375 783 probabile
1395 702 1473 766 vide·

342 810 409 872 tur.
449 808 541 871 Adeo
578 807 692 872 omnia
725 807 853 872 incerta
883 811 981 872 sunt:
1013 810 1203 872 recurratur
1234 807 1413 872 identidem
1441 807 1478 871 ad

340 912 468 978 irenaei
498 915 664 995 tempora,
695 913 752 978 sed
776 913 863 994 quod
885 914 974 979 ultra
997 917 1068 994 est,
1093 914 1134 979 de
1158 931 1196 978 eo
1219 914 1323 980 libera
1345 917 1397 979 est
1419 932 1476 979 om·

341 1020 437 1083 nium
466 1019 683 1084 existimatio.
716 1019 822 1084 Estne
852 1019 1030 1098 legendum
1056 1021 1072 1083 1
1100 1019 1172 1084 Joh.
1199 1021 1230 1101 4,
1255 1021 1293 1084 3:
1317 1023 1378 1082 πᾶν
1398 1023 1477 1082 σιεῡ-

341 1149 389 1199 μοι
420 1114 433 1185 ὃ
461 1124 513 1199 μὴ
536 1123 738 1216 ὁμολογεῖ
759 1125 810 1187 τὸν
835 1123 952 1197 Ἰησοῦν
975 1142 1020 1189 an
1044 1115 1057 1185 ὃ
1083 1121 1194 1187 Arist?
1219 1125 1328 1206 Quam
1350 1128 1477 1191 vetusta

339 1230 435 1295 lectio
462 1233 516 1296 000
546 1227 761 1307 οιοοορισθέντος
794 1248 853 1312 pro
885 1229 1044 1308 ὁρισθέντος
1076 1231 1172 1295 Rom.
1201 1233 1229 1314 l,
1257 1233 1297 1296 4!
1324 1233 1418 1297 Rom.
1444 1232 1476 1310 1,

340 1335 395 1400 32:
427 1337 460 1399 οὖ
491 1336 579 1411 μόνον
601 1337 685 1399 αὐτοὶ
710 1342 911 1420 ποιοῦσιν,
935 1336 1021 1400 ἀλλὰ
1044 1335 1094 1400 καὶ
1118 1339 1477 1405 σννενδοκοῦσιτοῑο

340 1442 534 1524 πράσσουσιν,
556 1462 615 1508 our
633 1445 902 1525 posthabendum
921 1447 975 1508 est
987 1445 1075 1524 quod
1088 1444 1275 1510 Vaticanus
1286 1447 1388 1510 habet
1405 1466 1477 1506 σοι·

340 1554 481 1620 οῦντες
505 1553 541 1614 et
564 1550 921 1625 concatenatum,
948 1568 1026 1614 cum
1044 1550 1100 1615 illa
1125 1551 1301 1630 participia
1323 1549 1478 1616 etiamal-

339 1658 439 1721 iunde
470 1656 711 1722 stabiliantur?
743 1657 855 1721 Etiam
885 1656 986 1736 atque
1022 1657 1127 1721 etiam
1152 1657 1408 1722 considerandus
1432 1656 1478 1720 est

340 1764 436 1828 Rom.
471 1763 500 1841 3,
527 1762 556 1845 5,
587 1764 642 1828 ubi
666 1763 823 1842 Origenes
848 1781 905 1842 pro
938 1759 1010 1824 κοτ’
1036 1759 1238 1836 ἄνθρωποι
1262 1760 1478 1827 invenitor

341 1867 560 1943 ἀνθρώπων.
592 1870 678 1935 Vide
711 1870 806 1933 Rom.
833 1871 863 1949 8,
893 1871 931 1934 11
960 1869 1108 1949 ipsorum
1133 1871 1289 1934 veterum
1312 1867 1477 1934 dubitatio·

341 1993 402 2040 nes
429 1977 518 2040 sitne
546 1974 882 2055 1080011οΠ13ιᾶτοῦ
909 1975 1161 2046 ἐνοικοῦντος
1189 1977 1284 2038 αὐτοῦ
1311 1974 1477 2048 πνεύμον-

340 2106 405 2154 τος
439 2101 483 2147 an
515 2082 565 2144 διὰ
597 2081 638 2144 τὸ
671 2081 852 2144 ἐνοικοῦν
878 2081 973 2144 αὐτοῦ
998 2084 1155 2156 πνεῦμα
1181 2086 1216 2147 et
1240 2083 1337 2147 hodie
1361 2095 1478 2162 quoque

339 2189 498 2253 dissentit
528 2188 716 2253 Vaticanus
742 2188 784 2252 ab
809 2187 969 2253 Sinaitioo
993 2191 1028 2252 et
1051 2188 1289 2254 Alexandrino.
1318 2187 1477 2253 Nimirum
1575 2257 1576 2274 2

339 2294 396 2358 diu
427 2311 544 2358 omnes
573 2295 686 2359 omnia
715 2294 757 2358 ad
782 2311 884 2357 suum
906 2293 1059 2373 palatum
1083 2293 1308 2372 refingebant:
1334 2293 1476 2374 queritur

338 2400 378 2463 de
410 2399 586 2465 haereticis
619 2399 833 2477 Augustinus
864 2399 905 2462 ad
930 2400 1026 2464 Rom.
1052 2401 1082 2479 9,
1111 2399 1172 2479 203
1199 2400 1278 2479 quid
1303 2397 1478 2464 haereticos

273 2489 275 2493 ’
340 2505 379 2568 de
410 2505 603 2570 orthodoxis
633 2507 770 2584 questos
801 2521 875 2569 esse
906 2503 1169 2569 arbitrabimur?
1196 2503 1303 2584 Quam
1328 2507 1380 2569 est
1403 2502 1479 2567 diiii-

337 2610 397 2675 ciie
420 2611 525 2676 dicere
549 2610 639 2675 sitne
661 2610 840 2689 legendum
861 2610 956 2676 Rom.
982 2611 1031 2691 12,
1060 2611 1111 2675 11;
1136 2609 1176 2683 τῷ
1202 2609 1321 2689 κυρίῳ
1336 2607 1476 2673 husto·

337 2739 386 2786 σει
412 2735 456 2781 an
480 2717 521 2793 τῷ
546 2717 679 2794 καιρῷ.
706 2715 941 2792 Σκοτοδιιιῶμεν
966 2735 1072 2798 quum
1095 2718 1288 2797 quaerimus
1311 2734 1392 2797 quae
1409 2719 1476 2781 tan·

336 2823 413 2887 dem
435 2823 563 2888 sincera
587 2823 751 2903 scriptura
775 2824 822 2887 sit
848 2825 864 2887 1
890 2823 1040 2888 Corinth.
1066 2827 1095 2903 7,
1124 2824 1179 2887 34.
1204 2823 1295 2903 Quod
1319 2821 1473 2902 legiturl

337 2929 485 3010 Corinth.
530 2930 589 3009 10,
626 2931 665 2993 9:
698 2928 775 3004 μηδὲ
807 2927 1033 3007 ἐκπειράζωμεν
1068 2927 1118 2990 τὸν
1151 2929 1306 3005 κύριον,
1339 2928 1478 3010 reposuit

337 3036 482 3101 Marcion
516 3035 566 3096 σὸν
598 3031 739 3113 χριςόι
771 3052 912 3115 eamque
934 3036 1111 3101 lectionem
1135 3034 1234 3099 multi
1257 3036 1335 3101 boni
1358 3034 1477 3101 codices

336 3142 477 3222 habent,
509 3141 561 3204 uti
591 3144 627 3204 et
657 3141 739 3205 itala
766 3144 802 3204 et
822 3140 896 3205 FC:
918 3142 1109 3221 pendentne
1130 3141 1235 3219 igitur
1254 3158 1272 3205 e
1296 3138 1478 3206 Marcione?

335 3246 404 3310 Vix
427 3244 460 3308 id
484 3247 580 3310 nobis
601 3246 850 3326 persuademus.
872 3247 989 3326 ltaque
1010 3246 1217 3328 Epiphanius
1229 3248 1395 3312 mentitus
1406 3245 1477 3311 est?

336 3351 424 3415 Sunt
458 3351 515 3431 qui
544 3353 691 3416 credant.
722 3351 806 3431 Quid
835 3352 938 3429 igitur
969 3352 1100 3416 restat?
1134 3352 1196 3416 Uti
1226 3353 1323 3417 nobis
1351 3352 1476 3434 quidem
1540 3404 1543 3410 .

334 3458 484 3537 videtur,
515 3455 615 3521 fateri
646 3457 870 3534 ignorantiam
897 3459 933 3539 et
956 3457 1102 3522 conferre
1127 3456 1411 3523 Tischendorlium
1440 3454 1475 3520 ad

338 3566 353 3627 1
388 3563 536 3627 Corinth.
571 3565 629 3646 10,
671 3564 711 3626 16
735 3566 770 3626 et
802 3563 942 3643 Philipp.
969 3566 1005 3646 2,
1037 3563 1089 3627 30.
1114 3563 1288 3643 Pergimus
1320 3564 1361 3628 ad
1389 3564 1403 3627 1
1428 3562 1475 3627 00-

333 3668 435 3733 rinth.
470 3669 520 3748 10,
559 3670 615 3732 17:
648 3668 672 3731 οἱ
703 3668 766 3745 γὰρ
799 3667 915 3737 πάντες
942 3669 974 3731 ἐκ
1000 3674 1051 3730 τοῖιΙ
1077 3669 1137 3738 ἑνὸς
1171 3668 1262 3746 ἄρτου
1287 3670 1475 3748 μετέχομεν

335 3793 412 3839 oum
447 3774 503 3838 alii
536 3774 680 3852 codices,
713 3777 790 3838 tum
822 3775 909 3840 Due
933 3775 1080 3839 addunt:
1106 3774 1173 3837 καὶ
1206 3780 1276 3838 τοῦ
1309 3775 1393 3841 illc
1419 3796 1477 3837 σο-

334 3878 491 3951 σσσίσιι·
523 3897 582 3944 cur
596 3868 637 3943 'id
662 3898 753 3944 nunc
776 3881 964 3945 necessario
987 3880 1070 3945 falso
1094 3881 1167 3945 fieri
1189 3880 1478 3947 existimabimus?

335 3979 443 4065 Alibi,
479 3988 495 4048 1
530 3984 676 4050 Corinth.
711 3987 762 4065 10,
779 3988 841 4067 ab,
867 3987 1014 4051 Marcion
1039 3987 1191 4052 omisisse
1214 3988 1322 4052 fertur
1353 3990 1394 4049 σιὶ
1420 3985 1477 4055 illu

333 4091 446 4170 itaque
472 4088 594 4169 legitur
617 4090 652 4154 in
675 4092 768 4155 libris
799 4092 866 4153 BD
880 4091 967 4174 FC,
993 4092 1080 4156 alibi.
1105 4092 1279 4174 Ancipites
1304 4094 1478 4159 haeserunt
1573 4118 1574 4123 ι

334 4198 465 4260 veteres
499 4195 725 4259 scriberentne
764 4197 778 4256 1
820 4195 969 4260 Corinth.
1009 4197 1059 4277 13,
1097 4197 1117 4260 3
1156 4199 1367 4280 nautiorum,
1399 4195 1478 4278 quod
1573 4226 1574 4235 ι

332 4301 462 4365 facilem
488 4300 743 4380 explicationem
774 4302 894 4381 habet,
924 4319 1004 4366 nam
1029 4304 1192 4384 syntaxin
1212 4321 1303 4369 nunc
1326 4322 1394 4369 non
1418 4319 1476 4367 mo·

332 4423 462 4487 ramur,
495 4423 539 4469 an
570 4408 791 4483 ιιιισχήσσμσιι,
827 4407 914 4486 quod
944 4409 1184 4488 propemodum
1214 4410 1474 4474 absurdumest.

333 4511 420 4575 Utra
456 4510 620 4589 scriptura
653 4510 787 4576 verior?
824 4512 1015 4578 Dixerimus
1039 4517 1196 4578 neutram
1227 4515 1312 4580 satis
1337 4512 1474 4596 probabi-
