3192 5325
915 553 958 617 68

356 723 581 806 Testamenti.
613 740 653 806 In
685 739 853 806 volumine
882 740 970 822 quod
1000 741 1145 808 Ecclesia
1168 743 1392 822 consecravit,
1417 741 1506 806 locus

361 850 416 912 est
451 849 487 912 et
521 847 634 913 Jacobi
669 846 844 912 sobrietati
873 849 909 912 et
939 847 1169 931 Apocalyptici
1198 849 1319 914 fervori
1349 850 1385 913 et
1416 846 1506 913 Pauli

361 953 575 1034 prudentiae,
600 951 708 1034 qualis
731 953 880 1026 cernitur
898 953 933 1018 in
952 954 1069 1030 Actis,
1090 957 1126 1020 et
1145 955 1239 1020 Pauli
1257 954 1504 1036 vehementiae,
1586 1035 1587 1044 ἵ

362 1059 420 1140 qui
449 1059 550 1126 Petro
580 1060 786 1142 obloquitur;
819 1059 879 1126 Dei
910 1059 1000 1126 filius
1030 1061 1229 1142 depingatur
1251 1063 1292 1127 ab
1316 1060 1505 1144 Synopticts
1586 1101 1587 1132 ι

362 1167 398 1230 et
420 1165 583 1231 Divinum
607 1165 758 1232 Verbum
780 1166 817 1230 in
839 1169 959 1248 quarto
982 1166 1177 1246 Evangelio:
1202 1184 1309 1232 unum
1330 1167 1504 1245 volumen,

362 1272 449 1353 quod
480 1275 553 1338 tarn
575 1272 708 1339 diversa
730 1271 979 1357 complectitur,
1004 1291 1044 1340 ea
1067 1273 1141 1356 ipsa
1164 1274 1204 1339 de
1228 1289 1330 1338 causa
1353 1273 1506 1338 omnibus
1586 1263 1587 1354 ᾗ

362 1378 554 1444 satisfacere
576 1379 697 1460 potuit.

406 1485 469 1550 Est
498 1488 615 1551 tamen
638 1485 763 1566 grande
781 1484 941 1551 volumen
963 1485 1188 1567 compositum
1211 1504 1255 1552 ex
1276 1484 1507 1568 coniunctione
1586 1439 1587 1488 ἶ

359 1589 572 1657 voluminum
594 1591 765 1658 minorum
787 1594 823 1658 et
846 1593 881 1657 in
904 1593 1023 1658 horum
1047 1610 1177 1674 quoque
1196 1592 1408 1658 voluminum
1427 1608 1507 1657 com-

361 1699 525 1779 positione
559 1697 676 1763 eadem
710 1698 796 1763 ratio
833 1716 901 1764 non
935 1697 1050 1764 minus
1083 1697 1267 1764 luculenter
1308 1697 1505 1764 ostenditur.

362 1805 454 1885 Quae
488 1806 542 1870 est
570 1804 655 1869 ratio
686 1803 776 1868 inter
810 1804 954 1884 primam
984 1803 1173 1886 Epistulam
1195 1805 1237 1869 ad
1262 1803 1453 1870 Corinthios
1475 1804 1508 1867 et

361 1907 531 1987 integrum
554 1909 711 1974 volumen
736 1908 823 1974 Novi
848 1909 1071 1993 Testamenti,
1097 1911 1213 1975 eadem
1235 1912 1289 1976 est
1311 1909 1397 1975 ratio
1421 1909 1506 1974 inter

269 2016 276 2028 “
366 2016 382 2079 1
408 2014 480 2080 Cor.
507 2015 557 2098 12,
584 2016 705 2080 4—11.
739 2017 790 2099 14,
815 2014 947 2079 21-25
967 2018 1002 2081 et
1021 2015 1190 2096 integram
1200 2011 1506 2097 Epistulamtluod

361 2120 441 2186 feeit
471 2123 512 2185 ut
547 2121 717 2202 pericopae
749 2121 805 2187 vel
836 2121 1026 2202 fragmenta
1049 2123 1270 2188 coalescerent
1303 2122 1340 2186 in
1362 2121 1508 2200 integros

361 2226 477 2311 libros,
503 2226 621 2292 itidem
644 2244 746 2292 causa
768 2226 834 2292 fuit
857 2244 916 2292 cur
938 2227 1013 2293 libri
1036 2228 1257 2294 coalescerent
1279 2228 1315 2293 in
1337 2227 1506 2306 integrum

362 2331 538 2412 volumen,
563 2332 649 2412 quod
672 2349 798 2398 canone
821 2333 1075 2414 comprobatum
1097 2333 1176 2398 fuit.

407 2439 501 2503 luter
535 2454 653 2504 omnes
687 2455 771 2519 quos
805 2438 940 2520 quidem
973 2439 1148 2523 novimus,
1181 2438 1305 2504 Paulus
1327 2437 1506 2520 Episcopus

362 2543 492 2626 primus
503 2544 569 2608 fuit
581 2561 619 2610 eo
631 2544 736 2609 animi
748 2544 888 2626 affectu,
902 2561 1002 2626 quem
1014 2545 1263 2627 descripsimus:
1276 2544 1352 2610 inde
1363 2542 1506 2626 petenda

363 2756 518 2823 Videmus
549 2758 601 2833 14,
625 2753 702 2821 39¹2:
731 2763 841 2821 λνιλεῒν
865 2757 909 2833 μὴ
932 2756 1068 2821 κωλύετε
1092 2758 1123 2821 ἐν
1146 2755 1324 2835 γλώσσαις·
1347 2755 1455 2821 πάντα
1478 2753 1506 2817 δὲ

363 2861 561 2940 εὐσχημόνως
592 2862 644 2926 καὶ
677 2862 764 2927 aar&
795 2860 886 2937 τάξιν
917 2863 1056 2941 γινέσθω.
1086 2864 1143 2929 An
1166 2860 1253 2938 τάξει
1278 2863 1408 2945 parebit
1431 2859 1507 2926 illud

363 2972 487 3044 πνεῦμα
516 2969 643 3047 (eodem
671 2970 768 3035 modo
797 2987 862 3051 quo
885 2969 899 3033 l
923 2968 1048 3055 χιιςδι,
1073 2970 1160 3051 quod
1185 2986 1283 3051 saepe
1306 2966 1504 3035 communio·

362 3075 417 3141 nis
448 3094 571 3142 nomen
601 3076 690 3154 estl‘?
713 3075 831 3140 Eritne
854 3079 1015 3158 perpetuo
1037 3076 1117 3141 illud
1140 3080 1285 3151 πνεῦμα,
1308 3075 1396 3156 quod
1420 3078 1507 3147 πνεῖ,

363 3176 437 3245 ὅσον
459 3181 556 3265 θέλει,
581 3182 633 3245 οὐκ
657 3176 742 3251 οἶδας
767 3181 856 3245 πάθεν
880 3178 1007 3263 ἔρχεται
1026 3181 1078 3245 xa}
1100 3187 1156 3246 ποῖ
1173 3180 1290 3259 ὑπάγει
1305 3180 1389 3260 (Joh.
1405 3180 1437 3262 3,
1450 3178 1508 3263 8)?
1584 3246 1585 3249 ,

362 3287 401 3353 Id
424 3288 607 3354 dubitabat.

409 3393 599 3476 Utcumque
618 3395 686 3476 est,
709 3410 777 3459 non
796 3394 945 3473 neglexit
963 3394 1178 3476 pneumatica
1189 3393 1330 3477 scripta,
1344 3394 1403 3459 sad
1414 3408 1506 3475 quaa·

363 3499 441 3564 dam
463 3499 654 3581 descripsit,
679 3498 712 3563 id
734 3501 909 3581 praecipue
931 3502 1082 3580 cogitans
1105 3500 1193 3582 quod
1216 3499 1338 3580 legitur
1363 3502 1414 3585 14,
1441 3495 1505 3567 39¹³.

363 3604 559 3671 consideret
580 3622 621 3670 ea
643 3604 832 3684 tamenta
854 3608 889 3671 et
912 3606 1006 3672 facile
1028 3605 1200 3673 intellectu
1221 3609 1292 3690 est,
1313 3623 1377 3687 quo
1396 3606 1506 3671 animo

363 3729 403 3778 ea
425 3711 695 3778 consideraverit.
727 3712 838 3792 Quum
868 3712 969 3778 testis
993 3713 1146 3778 oculatus
1170 3715 1261 3778 esset
1285 3714 1397 3777 sectae
1420 3711 1507 3777 illius

364 3818 596 3899 pneumaticas
619 3816 760 3882 necdum
783 3817 992 3884 Christianae
1013 3816 1079 3901 (cui
1101 3816 1218 3883 multis
1241 3817 1277 3883 in
1299 3818 1399 3883 rebus
1421 3817 1506 3881 fave·
1583 3816 1584 3825 ’

363 3924 432 4001 bat)
466 3926 502 3988 et
535 3940 641 4004 quum
675 3926 792 3988 nosset
825 3923 912 4004 quod
942 3922 989 3989 illi
1021 3925 1133 3988 sectae
1156 3922 1323 4003 imprimis
1346 3922 1506 4003 peculiare

364 4033 452 4110 erat,
475 4027 693 4109 glossolaliam
712 4029 854 4094 dicimus
874 4029 939 4106 (hic
958 4030 1075 4093 autem
1086 4028 1262 4113 cogitanda
1274 4027 1506 4109 antiquissima

364 4134 412 4199 rei
430 4135 553 4216 forma,
567 4135 639 4200 sine
651 4134 928 4216 interpretatione
941 4152 979 4199 ae
991 4136 1130 4199 tantum
1141 4141 1266 4209 σημεῖον
1280 4142 1342 4203 τοῖς
1356 4133 1507 4211 ἀνίσοις),

363 4240 447 4305 utile
468 4256 540 4305 esse
560 4240 724 4322 judicavit
747 4241 813 4320 περὶ
839 4245 897 4303 τῶν
922 4241 1137 4315 πνευματικῶν
1159 4256 1257 4321 agere
1281 4240 1347 4323 (12,
1377 4241 1416 4318 1).

408 4346 538 4412 Laudat
560 4349 702 4422 πνεῦμα,
726 4347 772 4412 sit
794 4346 893 4412 modo
915 4345 975 4411 Dei
996 4349 1120 4421 πνεῦμα
1144 4349 1179 4412 et
1202 4346 1303 4411 ducat
1321 4346 1364 4411 ad
1384 4345 1504 4411 confes·
1582 4316 1583 4319 Ἴ

364 4451 492 4517 sionem
512 4451 593 4536 (non
615 4453 658 4518 ad
680 4452 813 4533 aliquod
835 4450 966 4532 ἄφωνον)
989 4456 1025 4519 et
1049 4452 1184 4533 quidem
1207 4452 1249 4518 ad
1271 4452 1413 4518 eandem
1432 4468 1501 4517 oon-

362 4557 541 4625 fessionem
574 4558 698 4642 (1-3).
739 4557 814 4624 Non
849 4558 996 4625 excludit
1031 4558 1084 4625 ille
1119 4558 1258 4641 spiritus
1292 4558 1503 4625 diversitates

241 2671 245 2676 ·
307 2631 311 2639 ⁴
363 2650 540 2733 explicatio
563 2669 655 2732 capp.
682 2651 853 2717 12et14.
881 2648 1504 2733 Quidipsedeglossolaltajudtcarit,
1585 2641 1586 2679 ³
