3192 5325
893 532 958 596 282

350 727 458 791 neque
490 715 730 789 argumentum
761 714 797 778 in
828 716 1025 780 uniuersum
1060 719 1210 796 constat,
1247 733 1308 780 nec
1338 731 1491 796 quosnam
1576 789 1577 796 ἵ

349 817 490 880 lectores
522 818 663 898 scriptor
694 820 901 898 cogitaverit.
937 822 1014 886 Jam
1046 822 1283 904 propemodum
1316 821 1357 885 ad
1389 821 1489 900 despe·

350 922 494 986 randum
520 924 695 1002 adigimur.

397 1024 460 1091 Sed
483 1035 624 1095 manent
656 1050 718 1097 nos
748 1033 892 1099 maiora:
920 1035 1140 1115 epistularum
1170 1035 1346 1115 explicatio
1378 1033 1489 1115 pendet

352 1150 394 1197 ex
419 1137 569 1216 tempore
592 1155 657 1217 quo
680 1139 887 1220 conscriptae
911 1143 1003 1206 sunt.
1039 1141 1108 1206 Nec
1129 1143 1244 1206 tamen
1268 1141 1355 1221 quod
1377 1139 1491 1204 attinet

351 1241 393 1303 ad
416 1257 456 1305 ea
480 1258 564 1322 quae
587 1243 798 1310 Christianae
818 1245 968 1324 religioni
991 1247 1121 1329 propria
1145 1250 1242 1329 sunt,
1265 1249 1399 1327 tempus
1419 1245 1490 1309 illud

352 1348 503 1426 cognosci
540 1351 654 1428 potest
689 1351 755 1414 nisi
790 1368 851 1432 ope
885 1353 1065 1417 earundem
1100 1353 1232 1417 illarum
1264 1351 1491 1433 Epistularum.

352 1454 402 1517 At
433 1453 507 1518 illae
538 1455 710 1534 Epistulae
742 1461 825 1521 sunt
864 1455 1490 1538 ,111111116111111166111161161611111111611.”

351 1560 524 1624 Habemus
548 1557 629 1625 sane
653 1563 739 1641 quod
763 1565 859 1628 nobis
884 1566 1104 1642 gratulemur!
1134 1565 1302 1628 Malumus
1323 1563 1390 1628 fere
1412 1564 1491 1626 vete-

351 1684 423 1731 rem
448 1666 540 1730 illam
566 1670 792 1750 Θεοπνευςίοιν,
827 1689 906 1735 nam
927 1671 962 1734 in
994 1671 1117 1752 divinis
1148 1671 1289 1736 oraculis
1319 1670 1491 1734 obscuritas

352 1770 434 1835 nihil
467 1772 567 1836 habet
601 1775 688 1853 quod
724 1794 785 1841 nos
817 1777 973 1841 offendat.
1011 1777 1139 1841 Verum
1170 1776 1245 1857 quid
1278 1776 1380 1840 facias
1409 1775 1491 1839 docu-

355 1879 479 1942 mentis
515 1878 681 1944 historicis
704 1897 789 1961 quac
811 1899 909 1947 nemo
932 1882 1113 1960 intelligit?
1144 1879 1189 1944 Τὸ
1214 1880 1308 1956 ἄλφοι
1331 1879 1492 1960 explicabi·

355 1986 412 2047 tur
435 1999 496 2063 opo
520 1986 573 2044 τοῦ
593 1983 701 2059 βῆτα·
724 2004 844 2051 vemrn
868 1985 902 2048 τὸ
930 1986 1017 2062 βῆτα
1041 1988 1192 2066 cognosci
1215 2005 1281 2053 non
1306 1989 1417 2067 potest
1436 1984 1493 2048 nisi

317 2111 320 2115 ·
355 2088 388 2150 ἐκ
413 2092 466 2151 τοῦ
491 2085 602 2166 ἄλφα·
628 2090 662 2151 τὸ
687 2089 782 2168 ἄλφα
807 2096 921 2157 autem
944 2096 998 2158 est
1104 2093 1247 2178 ῃ1111111161
1274 2093 1343 2156 und
1367 2092 1493 2158 schwer-

355 2196 615 2260 ucrstbndlich.’'
651 2198 723 2262 Hoc
746 2199 881 2279 quidem
905 2203 959 2263 est
981 2199 1168 2280 hominem,
1197 2199 1251 2263 uti
1274 2199 1386 2281 aiunt,
1410 2196 1493 2260 ludos
1577 2217 1578 2220 ¹

353 2303 470 2367 facere.

406 2408 496 2472 Nihil
515 2409 635 2474 horum
660 2412 771 2490 tangit
794 2412 1004 2492 interpretes.
1027 2413 1136 2478 Facile
1155 2412 1308 2494 ferimus,
1330 2410 1491 2490 inquiunt,

354 2515 440 2595 quod
472 2515 507 2581 in
538 2516 602 2582 illis
634 2518 795 2598 Epistulis
820 2516 977 2590 δυσνόητον
1001 2523 1063 2584 661.
1106 2519 1248 2605 „Paulus
1279 2517 1412 2582 dictirte
1432 2514 1491 2579 und

355 2620 477 2686 daraus
500 2622 626 2687 erklart
661 2623 732 2688 sich
766 2624 826 2690 das
861 2626 1095 2705 Ungeordnete
1122 2625 1191 2690 und
1221 2624 1332 2702 wenig
1366 2621 1491 2688 Geieilte

357 2726 466 2790 seiner
491 2723 737 2794 Schreibweise.
752 2779 759 2794 .
774 2780 805 2795 ..
830 2732 886 2797 ort
910 2748 1018 2809 genug
1041 2732 1173 2796 mochte
1193 2732 1269 2795 dem
1285 2729 1423 2811 Apostel
1443 2728 1492 2791 das

356 2833 504 2897 Dictiren
533 2852 574 2900 zu
602 2835 755 2914 langsam
785 2839 906 2918 gehen;
941 2854 976 2901 er
998 2838 1094 2918 kam,
1121 2836 1279 2900 wahrend
1302 2836 1360 2899 der
1383 2830 1491 2898 8611161-

356 2941 414 3004 ber
444 2940 535 3005 scine
569 2942 784 3008 Buchstaben
817 2944 935 3027 malte,
969 2945 1030 3009 auf
1057 2961 1142 3009 neue
1165 2943 1364 3024 Godanken‚
1398 2940 1492 3005 verlor

356 3047 420 3110 den
443 3047 553 3112 Eaden
572 3050 641 3112 und
661 3050 868 3114 veranlasste
887 3050 946 3115 aui
964 3050 1052 3115 diese
1076 3049 1191 3115 Weise
1210 3048 1417 3127 exegetische
1429 3046 1491 3109 Pro·
1578 3074 1579 3147 3

356 3153 478 3236 bieme,
502 3154 601 3218 deren
625 3155 745 3219 etliche
765 3156 932 3221 vielleicht
952 3158 1006 3221 fur
1025 3157 1146 3221 immer
1165 3156 1321 3220 unlhsbar
1344 3147 1491 3218 bleiben.”
1578 3156 1579 3211 1

268 3346 272 3352 ἱ
403 3259 531 3339 Nempe
554 3260 640 3326 unde
664 3261 725 3325 hoc
749 3263 972 3327 rescivimus?
1007 3264 1199 3327 Possuntne
1229 3261 1348 3326 dictari
1369 3259 1491 3339 philoso-
1578 3254 1579 3303 1

356 3366 473 3445 phicae
508 3366 768 3447 disputationes
808 3370 921 3449 quales
951 3370 986 3433 in
1018 3370 1109 3434 hisce
1139 3366 1304 3448 Epistulis
1327 3364 1493 3430 identidem

358 3472 559 3535 recurrunt?
590 3472 659 3537 Nec
682 3472 829 3537 multum
853 3475 1034 3539 tribuimus
1057 3474 1099 3539 iis
1122 3491 1207 3554 quae
1229 3473 1386 3552 leguntur
1407 3472 1491 3534 Rom.

360 3577 410 3655 16,
437 3577 496 3657 22;
525 3580 539 3640 1
568 3577 714 3643 Corinth.
743 3582 800 3660 16,
828 3582 866 3644 21
894 3584 975 3661 cet.;
1011 3598 1089 3644 cum
1123 3596 1283 3658 negemus
1317 3578 1427 3643 omnia
1458 3575 1493 3639 ab

357 3682 585 3764 Epistularum
605 3685 701 3749 initio
722 3688 888 3765 usquead
908 3687 1031 3751 calcem
1051 3686 1153 3750 unius
1176 3685 1389 3765 eiusdemque
1408 3682 1493 3760 scrip·

358 3788 442 3852 toris
465 3806 549 3854 6666.
586 3791 635 3855 Ut
658 3792 850 3856 obtineatur
873 3793 960 3872 quod
982 3794 1181 3872 interpretes
1205 3792 1378 3855 ostendero
1398 3788 1493 3853 volue-

357 3897 454 3974 runt,
480 3896 545 3960 tria
568 3898 829 3962 demonstranda
853 3901 952 3962 sunt:
987 3899 1019 3961 1ο
1043 3897 1183 3962 Paulum
1215 3895 1385 3976 Epistulas
1408 3895 1493 3959 dicta-

357 4001 464 4082 visse,
499 4004 533 4066 20
557 4019 635 4066 eum
663 4004 868 4081 negligenter
901 4003 1097 4079 dictavisse,
1123 4004 1157 4067 3⁰
1180 4020 1248 4067 non
1271 4018 1350 4066 eum
1373 4000 1493 4065 duxisse

358 4108 645 4187 operaepretium
669 4110 813 4187 relegere
844 4112 879 4173 et
911 4109 1088 4188 corrigere,
1123 4108 1152 4171 61
1176 4106 1253 4187 quid
1277 4106 1380 4171 nimis
1408 4104 1494 4184 negli-

358 4214 474 4289 genter
498 4214 704 4280 dictavisset.

405 4316 563 4398 Sequitur
585 4320 650 4384 alia
669 4322 860 4401 explicatio:
891 4322 963 4406 „die
986 4322 1134 4400 Exegese
1157 4321 1218 4384 hat
1238 4320 1303 4383 mit
1326 4320 1383 4384 der
1402 4316 1495 4382 Moch-

359 4422 496 4489 lichlreit
518 4442 561 4489 zu
581 4426 741 4509 rechnen‚
767 4428 846 4491 dass
866 4426 1112 4504 nachtraghche
1132 4426 1277 4490 Zusatze
1292 4473 1299 4487 .
1315 4471 1367 4486 ...
1388 4425 1422 4488 in
1443 4423 1497 4486 don

361 4531 448 4597 Text
468 4531 726 4611 ausgenommen
749 4532 883 4596 werden
904 4531 1092 4597 mussten.''
1124 4532 1196 4596 Hoc
1219 4530 1356 4611 quidem
1379 4529 1496 4593 adrem
