3192 5325
463 1409 638 1502 CAPUT
677 1411 902 1502 sulculi.

412 1623 622 1700 EPISTULA
650 1624 707 1698 AD
736 1624 951 1705 roridos,

608 1868 789 1878 .....-——

154 2099 193 2162 In
216 2076 362 2165 secunda
383 2100 538 2182 Epistula
560 2103 602 2168 ad
624 2103 813 2170 Corinthios
835 2103 971 2168 vetusta
989 2099 1174 2166 certamina
1186 2117 1251 2165 non

110 2203 340 2286 attinguntur3
372 2210 489 2273 contra
518 2209 554 2273 in
585 2209 737 2292 Epistula
767 2211 810 2274 ad
844 2209 1013 2273 Romanos
1045 2206 1254 2270 intersumus

109 2307 391 2388 altercationibus,
426 2315 547 2395 quibus
575 2304 766 2382 Christiana
788 2312 936 2380 Ecclesia
959 2311 1079 2378 statim
1102 2312 1143 2376 ab
1167 2311 1254 2377 incu-

109 2414 236 2480 nabulis
264 2418 396 2497 agitata
418 2421 492 2486 fuit.
518 2423 631 2488 Obiter
653 2421 874 2488 adscribimus
898 2419 1088 2502 pericopas,
1112 2435 1255 2498 quarum

109 2538 185 2601 prae
207 2523 328 2590 ceteris
350 2526 436 2592 ratio
459 2530 513 2594 est
538 2529 708 2594 habenda:

155 2627 230 2711 cap.
255 2631 290 2712 1,
319 2632 461 2699 18-32.
486 2632 668 2701 Revelatur
689 2633 750 2701 Dei
772 2634 823 2700 ira
842 2648 942 2714 super
962 2647 1079 2697 omnes
1101 2628 1253 2710 gentiles.

253 2736 290 2819 2,
320 2739 438 2807 1-29.
463 2742 581 2807 Judaei
605 2745 640 2807 et
665 2741 815 2807 Gentiles
837 2741 873 2806 in
897 2738 1011 2805 divino
1030 2737 1152 2820 judicio
1174 2739 1256 2802 suut

297 2846 413 2912 eodem
436 2847 518 2913 loco.

254 2953 291 3034 3,
320 2952 438 3019 1-31.
463 2953 640 3035 Quaeritur
663 2954 752 3020 sitne
774 2952 905 3034 aliquod
929 2951 1132 3016 ludaeorum
1155 2948 1254 3030 privi-

301 3058 435 3138 legium.

255 3166 293 3246 4,
321 3166 441 3233 1-25.
463 3165 513 3232 De
535 3168 599 3233 fido
623 3167 786 3233 Abrahae.

256 3270 291 3354 5,
319 3272 438 3339 1-21.
463 3273 560 3339 Alter
582 3274 703 3340 Adam.

256 3382 291 3463 7,
319 3379 439 3445 1-26.
465 3380 556 3461 Quae
578 3380 625 3446 sit
647 3381 745 3459 Legis
769 3378 981 3459 significatio.

255 3484 291 3566 9,
320 3484 440 3551 1-33.
464 3486 589 3551 Electio
612 3490 648 3552 et
669 3485 864 3567 reprobatio.

235 3590 290 3667 10,
317 3593 444 3668 1-11‚
470 3593 523 3657 36.
547 3592 716 3658 israelitae
735 3593 863 3673 vocati,
884 3592 1067 3673 reprobati,
1091 3590 1253 3656 restituti.

231 3699 290 3778 ii,
318 3700 444 3782 1-15,
471 3699 501 3764 3.
525 3699 574 3763 De
598 3700 852 3765 manducatione
876 3698 995 3765 carnis.

234 3805 291 3885 15,
317 3805 438 3869 8-12.
464 3805 512 3869 De
535 3804 709 3871 vocat-ioue
732 3805 919 3884 gentilium.

176 3910 299 3976 Contra
329 3910 385 3992 qui
416 3911 550 3991 scripsit
583 3911 763 3976 secundam
788 3911 976 3991 Epistulam
998 3911 1040 3975 ed
1065 3908 1254 3975 counthios

108 4016 181 4081 sine
211 4016 277 4081 fine
300 4017 341 4081 de
365 4033 402 4081 se
425 4016 497 4097 ipso
519 4016 682 4097 loquitur,
704 4017 762 4081 sed
786 4017 822 4080 in
848 4015 999 4095 Epistula
1022 4016 1064 4081 ad
1086 4016 1256 4081 Romanos

109 4121 301 4203 plerumque
324 4122 466 4203 scriptor
488 4121 573 4187 latet
596 4122 631 4186 in
654 4123 783 4188 umbra.

156 4228 313 4293 Vidimus
343 4245 460 4310 supra,
485 4229 527 4294 ad
551 4228 699 4294 diversas
721 4230 934 4310 quaestiones
958 4228 994 4292 in
1017 4227 1135 4294 iisdem
1159 4228 1254 4309 Epis·

108 4334 191 4399 tulis
210 4334 400 4415 responderi
419 4334 561 4399 diversis
582 4334 688 4400 modis
708 4335 861 4414 idemque
879 4350 970 4399 nunc
985 4334 1171 4407 luculenter
1182 4350 1254 4399 con·

109 4440 311 4519 firmabitur,
342 4443 521 4521 postquam
543 4440 646 4519 hujus
668 4440 839 4520 Epistulae
862 4438 1027 4506 elementa
1051 4440 1122 4505 suis
1144 4439 1253 4505 limiti·

109 4546 173 4610 bus
196 4545 561 4626 circumscripserimus.
