3192 5325
904 519 968 583 288

358 701 412 763 lus
435 699 610 764 ostendere
633 700 752 779 quibus
774 701 874 764 rebus
893 699 1028 764 animus
1052 702 1303 764 commoveatur
1326 699 1378 764 vel
1400 697 1494 779 qualis

359 806 510 869 doctrina
533 805 579 868 sit
611 823 712 885 quam
741 805 933 884 profitetur:
966 805 1080 884 itaque
1107 822 1268 884 quorsum
1295 804 1495 869 acerbissima

360 911 529 976 invectiva
547 911 582 975 in
601 901 753 976 Gentiles
773 920 785 995 (
792 913 820 992 1,
846 911 1009 994 11-32)?
1034 913 1199 992 Quorsum
1219 915 1321 991 caput
1341 913 1493 992 quintum,

359 1016 446 1096 quod
470 1034 567 1081 nemo
590 1017 771 1095 intelligit?
804 1018 969 1097 Quorsum
994 1018 1083 1082 mille
1106 1018 1194 1081 alia?
1219 1017 1287 1081 Nec
1310 1017 1494 1095 negligimus

360 1123 545 1186 secundum
590 1121 767 1187 nonnullos
803 1126 919 1203 postea
952 1129 1069 1188 assuta
1104 1124 1209 1188 fuisse
1239 1141 1324 1203 quae
1353 1123 1496 1200 leguntur

359 1230 435 1308 post
458 1232 559 1309 caput
582 1228 808 1292 undecimum.
845 1228 937 1293 Ante
960 1229 1086 1309 reliqua
1113 1228 1240 1317 omnia,
1274 1246 1375 1308 quarn
1404 1227 1494 1291 1111111-

359 1335 443 1399 citer
468 1337 495 1415 1,
525 1335 580 1398 161
619 1335 687 1395 Οὐκ
722 1332 955 1412 ἐπαισχύνομαι
987 1334 1021 1396 τὸ
1052 1335 1252 1416 εὐαγγέλιον,
1290 1332 1412 1398 scilicet
1440 1349 1495 1412 quo

360 1441 442 1505 111111
465 1442 560 1506 novit
582 1441 822 1521 praestantius!
859 1441 939 1520 Quis
963 1442 1012 1504 ita
1042 1442 1166 1507 scribat
1189 1441 1231 1504 ad
1254 1441 1400 1520 ignotos,
1425 1454 1497 1518 quos

359 1547 489 1610 nesciat
511 1549 628 1610 utrum
651 1547 810 1611 benevolo
835 1547 947 1611 animo
971 1547 1090 1612 lecturi
1113 1547 1183 1612 sint
1208 1547 1337 1611 necne?

404 1652 446 1715 Π.
475 1652 596 1743 „Sollte
615 1653 675 1716 das
695 1652 951 1716 Christenthum
973 1653 1043 1717 sich
1061 1652 1156 1718 nicht
1164 1653 1215 1717 im
1234 1654 1374 1717 1111111111
1385 1648 1500 1728 Kampf

359 1759 543 1840 zerreiben‚
577 1776 614 1823 so
644 1760 775 1824 musste
807 1759 858 1822 die
887 1759 1111 1836 eingetretene
1140 1759 1324 1839 Spannung
1355 1757 1497 1833 beseitigt

357 1864 428 1929 und
450 1865 508 1928 der
531 1866 622 1929 Hass
646 1865 704 1929 des
728 1865 1105 1929 Judenchristenthums
1127 1865 1342 1930 beschworen
1366 1862 1496 1926 werden.

358 1971 451 2034 Eben
476 1971 594 2034 darum
618 1971 697 2048 geht
714 1987 749 2033 er
774 1970 869 2034 nicht
889 1971 999 2035 direkt
1022 1971 1108 2036 nach
1131 1973 1234 2052 Rom,
1261 1970 1403 2034 sondern
1425 1968 1497 2031 11111

359 2076 429 2140 1111
452 2075 613 2153 vorlaufig
636 2077 740 2140 durch
765 2076 830 2140 den
854 2077 947 2140 Brief
965 2079 1139 2142 vertreten
1152 2123 1250 2140 .....

410 2181 513 2264 „Dem
537 2182 777 2245 bedeutsamen
801 2181 1045 2263 Wendepunkt
1068 2183 1126 2247 der
1149 2181 1392 2263 apostolischen
1415 2177 1497 2243 Laui-

360 2288 469 2370 bahn,
506 2288 570 2370 auf¹
598 2287 757 2352 welchem
788 2303 826 2350 11
857 2288 1072 2366 Entstehung
1106 2288 1287 2366 gesunden,
1324 2283 1497 2365 entspricht

360 2412 446 2474 ganz
481 2395 538 2459 der
574 2393 672 2457 milde
712 2394 781 2457 und
824 2394 1073 2472 ausgleichende
1107 2395 1286 2459 character
1321 2393 1378 2457 des
1412 2388 1498 2454 Semi-

359 2500 582 2566 schreibens.”

404 2607 601 2688 Coniectura
623 2622 663 2671 ea
685 2607 738 2671 est
762 2608 796 2671 et
821 2609 993 2686 praeterea
1024 2607 1108 2672 falsa
1131 2607 1342 2689 conjectura,
1374 2601 1497 2687 quaesi

358 2731 438 2779 vera
465 2715 566 2795 foret,
601 2730 668 2776 non
700 2712 803 2777 nimis
834 2714 1010 2791 magnifice
1038 2714 1264 2795 judicaremus
1288 2714 1328 2777 de
1359 2709 1498 2793 Apostoli

357 2819 488 2908 ingenio
512 2822 548 2883 et
569 2818 733 2882 acumine.
795 2843 799 2853 ·

402 2925 555 2989 Primum
586 2942 753 3003 nusquam
788 2929 928 3005 apparet
963 2925 1107 2991 Paulum
1138 2942 1256 2991 cavere
1291 2924 1435 2989 voluisse
1462 2937 1498 2983 ne

357 3030 520 3107 exitiosae
543 3029 621 3093 lites
644 3047 688 3093 ex
712 3030 846 3094 Oriente
870 3031 906 3094 in
929 3031 1141 3096 Occidentem
1165 3031 1452 3108 transmigrarent.

402 3135 527 3200 Deinde
550 3153 617 3199 non
637 3135 752 3199 scribit
771 3135 897 3200 Paulus
920 3136 961 3200 ad
980 3138 1111 3211 animos
1136 3137 1312 3217 placandos
1335 3139 1370 3200 et
1395 3134 1496 3199 sedan·

357 3242 417 3307 das
440 3241 520 3321 iras,
553 3242 630 3312 ¹vide
656 3242 754 3306 modo
778 3240 814 3324 3,
843 3242 899 3324 29,
933 3260 993 3307 nec
1025 3244 1132 3321 magis
1162 3261 1200 3309 eo
1232 3243 1379 3323 pertinet
1410 3241 1496 3304 Rom.

359 3350 389 3428 9,
416 3348 457 3410 27
481 3364 583 3427 quam
606 3347 715 3411 Galat.
741 3348 770 3429 4,
798 3349 852 3412 28.

403 3454 472 3519 Nec
496 3453 663 3518 detractat
685 3455 857 3517 certamen
881 3453 920 3519 de
945 3455 1089 3520 summis
1117 3457 1216 3519 rebus
1239 3470 1398 3533 generosa
1420 3451 1498 3516 indo·

357 3560 415 3625 les
456 3559 546 3646 „Der
580 3560 647 3624 alte
679 3558 824 3638 Streit,”
859 3561 1109 3625 Holtzmannus
1140 3561 1205 3641 ait,
1245 3559 1413 3645 „welcher
1444 3556 1498 3619 den

356 3667 471 3731 0111111
493 3665 701 3743 ausgewdhlt
724 3666 835 3746 11111,
869 3666 982 3741 sollte,
1015 3685 1068 3731 wo
1091 3668 1211 3731 immor
1241 3664 1399 3746 mogun,
1432 3662 1498 3724 dem

329 3773 574 3837 ·Abendlande
596 3772 668 3835 11111
700 3771 854 3849 gehalten
878 3773 1045 3837 werden.''
1082 3774 1175 3837 Cur?
1202 3773 1236 3837 Si
1265 3772 1301 3835 in
1334 3770 1498 3837 Occidente

357 3878 511 3943 homines
534 3894 643 3942 carere
667 3876 857 3956 potuissent
878 3878 1029 3943 doctrina
1052 3896 1136 3959 quae
1159 3878 1280 3957 legitur
1304 3877 1412 3942 Galat.
1432 3872 1458 3956 5,
1472 3874 1496 3949 2,

262 3999 265 4003 ⁴
356 4001 424 4048 non
454 3984 562 4061 magis
593 3982 629 4046 in
664 3983 799 4046 Oriente
831 3983 955 4048 Paulus
987 4001 1062 4048 eam
1094 3985 1319 4048 conditionem
1351 3979 1499 4047 debuerat

356 4088 548 4167 efflagitare.
573 4087 764 4169 Praeterea,
787 4088 1007 4152 Holtzmanni
1026 4090 1252 4170 conjecturam
1277 4088 1306 4152 si
1330 4087 1498 4168 sequimur,

357 4194 585 4259 desideramus
603 4193 639 4255 in
663 4193 766 4257 Paulo
786 4210 936 4258 acumen.
967 4194 1230 4274 Exspectavitne
1254 4194 1355 4269 serie,
1381 4192 1499 4258 animos

359 4299 529 4380 placatum
552 4300 592 4363 iri
615 4300 711 4363 lectis
742 4300 894 4382 Remis,
918 4300 1076 4364 30-33?
1111 4300 1329 4369 Concedimus
1353 4300 1390 4363 in
1420 4296 1497 4377 Epis·

357 4405 436 4468 tula.
459 4406 501 4468 ad
533 4406 703 4470 Romanos
727 4404 835 4470 multa
861 4406 1027 4471 contraria
1050 4409 1085 4470 et
1109 4406 1332 4486 repugnantia
1355 4398 1497 4470 inveniri:

357 4510 474 4581 idonea
497 4527 598 4575 causa
629 4514 683 4574 est
710 4528 769 4575 cur
797 4510 1068 4591 compilationem
1100 4529 1174 4577 esse
1197 4516 1297 4592 putes
1309 4534 1317 4593 ;
1350 4511 1431 4576 nihil
1452 4506 1497 4571 est
