3192 5325
608 616 646 682 17

95 803 155 867 Ill.
191 801 240 866 De
271 801 536 866 Christianorum
560 796 726 878 dogmatis
749 816 834 880 quae
856 798 994 874 insunt,
1018 799 1198 864 admodum

53 908 171 989 pusilla
190 910 282 973 sunt.
307 904 430 973 Demta
452 924 565 972 rerum
588 909 741 970 extrema
765 904 936 985 superficie
960 923 999 970 ac
1023 906 1118 986 quasi
1141 923 1198 988 pu·

55 1015 230 1080 micatione
252 1015 313 1102 rix
336 1015 517 1095 quidquam
540 1012 681 1077 restabit
706 1011 792 1092 quod
817 1027 856 1075 eo
879 1012 988 1093 possit
1011 1012 1133 1078 referri.

99 1121 226 1185 Theses
255 1123 325 1185 tres
356 1123 452 1203 sunt,
486 1136 571 1200 quas
600 1134 660 1197 age
683 1118 932 1182 consideremus
956 1119 998 1183 ad
1020 1119 1129 1184 lucem
1154 1137 1200 1185 se·

33 1227 190 1307 11111111
213 1226 417 1308 hypothesis.
1072 1287 1074 1292 .

101 1333 195 1398 Circa
229 1332 365 1397 initium
399 1332 500 1397 huius
536 1348 633 1396 aerae
662 1330 781 1396 ludaei
812 1333 909 1396 erant
940 1333 1092 1415 quidam,
1125 1334 1198 1417 qui,

58 1443 233 1521 postquam
261 1437 738 1520 161611611111Ρ111111111,
767 1439 888 1518 spretis
912 1437 1023 1517 legum
1046 1437 1200 1504 Mosaica·

60 1563 132 1610 rum
154 1544 371 1610 caeremoniis
394 1544 491 1608 unice
511 1542 694 1607 studebant
714 1543 836 1607 virtuti
848 1561 886 1608 ac
898 1561 1029 1609 morum
1044 1546 1199 1628 puritati,

61 1652 241 1733 quibusque
276 1667 475 1732 persuasum
510 1651 598 1732 erat,
636 1649 729 1713 brevi
759 1651 943 1715 venturum
975 1667 1050 1715 esse
1081 1650 1202 1715 Filium

62 1758 229 1839 1161111111,
263 1774 363 1838 quem
395 1754 617 1835 praedixisset
639 1754 757 1820 Daniel
780 1755 956 1836 Propheta.
993 1757 1081 1837 Quos
1104 1757 1203 1822 libros

63 1883 100 1929 ea
134 1868 223 1930 secta
257 1864 398 1946 peperit,
431 1880 488 1928 661
523 1861 640 1926 ludaei
663 1861 731 1926 alto
756 1863 928 1943 supercilio
952 1867 1203 1930 contemserunt

64 1974 96 2034 et
121 1971 255 2035 interire
289 1968 381 2050 passi
412 1971 506 2048 sunt,
541 1968 597 2032 sed
619 1968 734 2046 magni
757 1969 906 2034 facienda
930 1973 1011 2035 sunt
1035 1972 1204 2053 complura

64 2075 261 2157 fragmenta,
293 2093 378 2156 quae
409 2075 449 2139 de
484 2074 546 2139 hoc
578 2090 696 2152 genere
720 2074 755 2138 in
779 2074 874 2141 Novo
899 2077 1114 2142 Testamento
1139 2096 1203 2143 ser-

66 2186 141 2248 vata
173 2185 263 2248 sunt.
299 2181 377 2246 lam
399 2181 435 2245 in
459 2180 530 2245 dies
553 2180 673 2245 certior
696 2197 774 2260 spes
798 2181 977 2261 effulgebat
1001 2184 1040 2247 de
1064 2182 1202 2265 Messia,

67 2289 162 2354 donec
183 2287 322 2354 tandem
344 2288 379 2352 in
402 2286 525 2351 animis
545 2286 650 2351 infixa
669 2290 723 2351 est
743 2289 914 2367 persuasio
935 2289 1050 2355 adesse
1070 2293 1206 2372 tempus
1262 2360 1264 2364 ,

68 2394 120 2458 111
146 2398 223 2460 ante
246 2394 457 2476 praedictum
480 2394 580 2473 inque
604 2393 703 2457 terris
726 2410 844 2458 revera
867 2396 1060 2476 apparuisse
1085 2393 1206 2462 Filium

69 2499 231 2571 Hominis,
264 2517 364 2583 quern
383 2499 583 2581 iamdudum
607 2501 872 2579 exspectassent.
897 2501 1020 2566 Statim
1043 2503 1085 2567 ab
1109 2503 1205 2569 initio

69 2605 145 2671 nihil
165 2607 379 2673 affirmabant
402 2607 534 2686 praeter
557 2604 619 2669 hoc
642 2603 763 2685 ipsum.
788 2604 863 2670 Filii
882 2606 1027 2673 hominis
1047 2626 1114 2674 non
1133 2614 1206 2676 6111

70 2730 183 2779 nomen
208 2714 394 2797 proprium,
430 2712 489 2777 sed
511 2712 634 2777 titulus
657 2715 813 2794 tantum;
838 2712 992 2780 Salvator
1015 2720 1104 2798 erat,
1130 2719 1151 2783 i.
1177 2736 1205 2785 e.

71 2817 170 2901 lesda,
193 2820 333 2902 Messias
357 2821 430 2884 erat
452 2820 473 2884 1.
498 2835 526 2883 6.
552 2817 716 2882 Christus.
739 2816 817 2882 Mox
835 2817 900 2883 elia
916 2837 954 2884 ac
975 2821 1130 2903 deinceps
1141 2825 1206 2891 alia

73 2923 109 2988 16
126 2942 161 2990 16
179 2926 288 3007 spargi
308 2927 503 3006 coeperunt,
525 2923 719 2988 commixtis
735 2922 770 2987 in
792 2942 899 2989 unum
920 2925 963 2990 iis
982 2944 1065 3007 quae
1078 2927 1206 2996 lesaias

73 3031 266 3097 vaticinatus
298 3031 408 3096 fuerat
438 3030 546 3111 capite
579 3030 621 3094 53
644 3033 680 3093 et
704 3029 907 3096 Graecorum
931 3032 1051 3099 fabulis
1075 3036 1206 3115 quibus-

74 3134 156 3218 dam,
173 3139 228 3220 qui
238 3139 281 3203 ab
293 3137 353 3202 tali
363 3135 614 3218 exspectatione
626 3134 766 3201 minime
779 3136 1011 3203 abhorrebant.
1025 3140 1208 3207 Ferebatur

75 3247 215 3311 mortuus
249 3262 323 3310 esse
357 3244 416 3309 sed
449 3242 688 3309 resurrexisse:
724 3244 856 3325 quando
888 3249 923 3310 et
954 3248 1142 3326 quomodo?
1174 3250 1207 3314 id

77 3349 170 3415 etiam
190 3369 280 3416 nunc
303 3351 528 3430 ignorabatur.

116 3455 290 3538 Postquam
319 3472 358 3521 eo
376 3457 580 3537 perventum
604 3454 685 3538 1111,
711 3453 785 3520 libri
808 3455 854 3519 illi
877 3455 1006 3522 Judalci
1029 3459 1207 3529 lectoribus

80 3560 262 3629 Christianis
282 3564 355 3645 J'am
376 3580 442 3627 non
465 3559 610 3641 amplius
633 3561 825 3627 satisfacere
850 3566 1018 3649 poterant,
1042 3566 1100 3631 sed
1121 3571 1207 3649 quod

80 3666 176 3734 iniis
203 3669 399 3751 primarium
433 3670 507 3733 erat
541 3671 614 3732 tam
644 3668 822 3734 videbatur
852 3668 1074 3753 praeclarum,
1106 3676 1146 3738 ut
1175 3676 1209 3741 id

81 3772 193 3840 incuria
225 3776 331 3857 perire
365 3773 499 3839 nollent.
537 3772 654 3854 ltaque
689 3791 773 3855 opus
805 3775 871 3840 luit
902 3793 991 3841 nova
1022 3778 1209 3847 redactione

82 3895 170 3961 eaque
190 3899 277 3948 nova
302 3880 464 3963 redactio,
491 3880 698 3961 quamnihil
717 3881 858 3962 impedit
886 3883 1064 3963 quominus
1084 3884 1208 3952 Graeco

33 4021 35 4073 3
84 3988 224 4053 vocabulo
248 3987 307 4053 sed
331 3986 497 4068 imprimis
520 3986 637 4051 idoneo
663 3984 823 4061 διασκευὴν
843 3988 1062 4073 appellemus,
1088 3993 1209 4074 triplici

84 4093 166 4157 nodo
183 4094 341 4159 instituta
360 4095 431 4157 est:
467 4092 501 4155 1Ο
521 4107 622 4171 quern
641 4096 879 4173 exspectarent
898 4093 1023 4159 Filium
1034 4095 1208 4181 Hominis,

36 4199 38 4282 ᾗ
85 4193 109 4258 is
132 4198 196 4277 jam
225 4200 427 4265 adventasse
450 4196 645 4262 credebatur
668 4198 710 4262 11
733 4198 921 4264 humanum
945 4216 1052 4278 genus
1076 4219 1210 4269 servan-

38 4353 39 4398 ,
86 4299 167 4386 dum,
191 4306 302 4387 ltaque
321 4305 356 4369 in
377 4304 575 4382 fragmentis
594 4303 726 4367 selectis
751 4304 933 4370 Salvatorls
950 4323 1072 4371 nomen
1090 4311 1211 4391 ubique

88 4404 232 4476 insertum
261 4412 345 4493 fuit,
383 4406 418 4475 2⁰
441 4409 495 4474 his
517 4410 715 4488 fragmentis
737 4409 882 4476 collectis
916 4412 952 4476 in
975 4431 1082 4479 unum
1106 4416 1212 4492 indita

88 4510 298 4593 Epistulamm
330 4516 454 4597 forma3
487 4512 523 4579 3⁰
547 4514 726 4599 Redactor,
753 4517 825 4582 sire
849 4519 960 4583 mavis
985 4516 1210 4606 lroeeaevacbr,

88 4615 194 4688 11116
215 4623 377 4705 quaedam
398 4622 541 4703 addidit,
566 4622 652 4687 male
677 4638 815 4688 securus
840 4640 878 4689 ac
902 4624 998 4707 plane
1022 4626 1211 4707 negligens,

1103 4731 1119 4780 a
