3192 5325
879 522 985 599 78.

321 706 407 779 θέτω,
439 705 545 781 ὁμοίως
578 705 609 770 ti
639 706 690 770 aa}
723 709 740 778 ἦ
766 706 843 783 γυνὴ
866 706 907 785 τῷ
932 704 1024 783 ἀνδρί.
1050 706 1142 772 Idem
1166 708 1335 788 praeterea
1360 702 1472 784 conju·

320 831 379 894 ges
402 814 450 878 ita
470 816 602 878 monet:
627 817 670 885 μὴ
696 814 876 891 έιινςερεῖτε
898 812 1072 885 ἀλλήλους·
1087 811 1218 897 (3-58)
1231 818 1293 881 τοῖς
1314 809 1345 873 δέ
1364 830 1472 886 γεγω-

321 918 431 994 μνιιόσι
456 917 693 996 παραγγέλλω.
709 967 739 985 ..
764 924 901 996 γυναῖκα
926 918 988 981 ἀπὸ
1013 918 1115 996 ἀνδρὸς
1142 920 1185 990 μὴ
1211 918 1394 997 χωρισθῆναι
1415 914 1469 978 καὶ

323 1024 418 1103 ἄνδρα
450 1032 586 1102 γυναῖκα
609 1027 653 1101 μὴ
677 1025 805 1104 ἀφιέναι
829 1025 897 1109 (10.
926 1022 1003 1103 11¹³).
1048 1026 1111 1108 Qui
1134 1024 1274 1106 scriptor
1297 1022 1472 1089 contendit

323 1132 428 1198 solam
452 1131 594 1207 raptim
617 1132 876 1198 sanctimoniam
897 1135 1067 1213 praestare
1086 1149 1183 1214 posse
1204 1131 1256 1193 ael
1279 1130 1319 1207 τῷ
1333 1128 1468 1211 σώματι,

323 1238 353 1304 is
382 1241 471 1303 certe
502 1256 570 1304 non
600 1239 773 1328 probasset
802 1239 874 1320 illa,
901 1238 930 1302 si
953 1256 1018 1319 qua
1042 1238 1233 1303 Christiana
1257 1237 1376 1302 mulier
1398 1252 1472 1316 pro·

323 1344 441 1410 ferret:
467 1345 483 1418 ιὶ
505 1346 581 1421 γυνὴ
602 1347 654 1407 τοῦ
679 1344 752 1408 ἰδίου
776 1342 919 1421 σώματος
946 1345 998 1407 οὐκ
1023 1340 1208 1423 ἐξουσιάζει.
1234 1340 1321 1407 ἀλλὰ
1347 1341 1360 1404 θ
1385 1339 1470 1413 ἀνήρ.

325 1446 451 1515 Siccine
474 1450 538 1515 erit
561 1450 667 1516 alieno
691 1450 828 1516 arbitrio
852 1450 1034 1516 obnoxium
1058 1450 1144 1533 qnod
1171 1448 1268 1528 κυρίου
1295 1446 1392 1522 Ἰησοῦ
1418 1448 1476 1511 est

325 1556 379 1641 (cf.
403 1557 569 1637 imprimis
593 1557 623 1640 6,
651 1557 711 1637 153
737 1556 817 1634 20)‘?

370 1681 395 1726 c.
420 1662 600 1729 Peculiaris
624 1665 679 1727 est
701 1663 786 1727 ratio
810 1680 863 1727 vs.
890 1663 909 1725 2
934 1666 969 1728 et
992 1663 1162 1729 similium.
1187 1662 1249 1729 Per
1273 1680 1309 1728 se
1332 1660 1476 1741 nuptiae

326 1785 391 1832 non
428 1770 510 1833 sunt
541 1768 655 1847 magni
689 1768 873 1850 faciendae,
899 1786 979 1834 nam
1002 1770 1129 1834 malum
1152 1772 1220 1854 est,
1247 1766 1477 1834 necessarium

327 1874 460 1955 quidem
489 1874 656 1955 fortasse,
683 1874 741 1939 sed
771 1877 887 1940 tamen
918 1876 1054 1941 malurn.
1089 1876 1147 1941 Vs.
1177 1872 1212 1942 5¹>
1233 1875 1385 1941 Cloacina
1409 1873 1475 1937 Ve-

328 1997 392 2045 nus
420 1980 547 2062 nuptiis
573 1982 706 2061 praeest
729 1981 881 2062 fiuntque
904 1980 1130 2047 fornicationis
1155 1982 1358 2054 remedium,
1384 1978 1477 2060 quod

330 2085 490 2151 diuturna
520 2085 727 2166 experientia
749 2086 878 2166 docuit,
904 2104 1005 2168 quam
1030 2088 1076 2153 sit
1099 2088 1244 2153 irritum.
1279 2085 1404 2151 Deinde
1428 2082 1476 2147 di-

329 2192 439 2257 vortia
471 2192 705 2274 prohibentur,
739 2210 806 2257 non
831 2196 966 2275 propter
988 2194 1131 2277 conjugii
1155 2193 1387 2273 sanctitatem,
1412 2190 1474 2255 sed

327 2302 368 2363 ut
391 2298 555 2381 infidelem
578 2297 685 2363 fidelis
704 2299 826 2380 conjux
845 2300 887 2364 ad
908 2298 1081 2365 Christum
1101 2301 1277 2382 perducere
1296 2296 1474 2379 aliquando

327 2404 443 2487 possit.
487 2403 607 2469 servet
643 2405 874 2486 unusquisqne
915 2410 1126 2488 praesentem
1161 2409 1300 2472 statum.
1339 2401 1475 2467 Δέδισωι

327 2510 473 2591 penarum
504 2509 548 2584 pi
582 2508 665 2587 ζήτει
691 2509 797 2573 λύσιν·
823 2512 919 2593 quasi
942 2531 1105 2594 umquam
1127 2512 1225 2578 liceat
1247 2512 1353 2578 facere
1377 2525 1476 2590 expe-

328 2616 527 2700 rimentum,
555 2618 814 2684 secundamus.
842 2619 893 2683 10.

372 2723 422 2788 Ea
443 2723 545 2806 ratio,
578 2741 644 2804 qua
670 2727 741 2789 tres
774 2723 848 2789 illae
880 2725 1052 2805 opiniones
1084 2744 1154 2808 cap.
1181 2727 1199 2790 7
1225 2723 1476 2804 conglutinatae

329 2831 426 2909 sunt,
451 2828 582 2894 diversa
605 2832 658 2894 est
681 2831 723 2894 ab
746 2847 786 2895 ea
805 2848 907 2910 quam
926 2831 1317 2912 hucusqueoffendimus.
1343 2829 1477 2908 Nempe

329 2934 485 3015 deinceps
507 2936 752 3001 sententiarum
776 2937 939 3002 seueritas
963 2938 1106 3004 aliarum
1130 2937 1374 3004 sententiarum
1395 2935 1476 3000 leni-

243 3035 247 3042 ’
329 3043 402 3106 tate
427 3041 592 3120 frangitur
614 3045 650 3107 et
673 3042 771 3124 quasi
793 3043 905 3123 tepida
928 3061 1015 3124 aqua
1039 3045 1186 3109 diluitur.
1222 3043 1308 3110 Vide
1330 3041 1453 3107 modo:

410 3144 519 3210 καλὸν
645 3182 647 3185 v
684 3186 716 3196 -
747 3148 797 3211 aa
821 3146 853 3212 δέ
1054 3150 1118 3236 (VS.
1146 3153 1176 3232 13
1202 3153 1233 3227 2)

408 3254 452 3329 μέν
477 3255 654 3333 &accersire
685 3293 717 3302 -
747 3255 772 3318 εἰ
797 3252 842 3330 μέ
1055 3255 1121 3340 (vs.
1146 3255 1178 3334 5)
1204 3256 1228 3336 ¹)

410 3357 484 3423 θέλω
686 3398 718 3408 -
748 3359 837 3425 ἀλλὰ
1058 3367 1119 3440 (vs.
1145 3360 1178 3446 7)

410 3465 494 3545 λέγω
687 3504 719 3514 -
750 3467 774 3530 εἰ
800 3464 833 3530 δέ
901 3468 904 3473 ’
1060 3469 1123 3552 (VS.
1148 3469 1183 3552 8)

410 3572 486 3638 θέλω
684 3610 717 3621 -
746 3568 760 3637 ὃ
785 3573 863 3637 θέλει
889 3571 1008 3636 ποιείτω
1055 3580 1118 3651 (vs.
1143 3574 1204 3655 32;
1230 3574 1272 3638 36
1282 3594 1290 3654 ;
1316 3571 1383 3658 38).

374 3681 493 3747 Omnia
517 3697 556 3747 eo
579 3681 747 3747 recidunt:
767 3681 821 3746 fac
840 3681 927 3762 quod
945 3680 1097 3761 libuerit,
1117 3680 1169 3745 fac
1189 3679 1275 3761 quod
1288 3678 1479 3744 nonfacere

330 3804 398 3852 non
420 3787 554 3870 poteris.
579 3786 669 3852 Nihil
690 3787 745 3852 hic
767 3785 912 3852 fanatice
932 3786 1019 3851 dixit
1029 3785 1149 3867 illaque
1161 3786 1273 3851 omnia
1287 3785 1478 3850 secundum

330 3893 474 3969 Paulum
507 3893 708 3975 Episcopum
744 3893 786 3957 ed
821 3891 921 3958 fidem
957 3891 1190 3957 stabiliendam
1221 3889 1268 3956 nil
1291 3890 1478 3972 quidquam
1535 3873 1537 3880 ’

332 3999 517 4064 conferunt.
548 3999 586 4064 Id
605 4000 833 4080 quaerendum
857 3999 934 4080 quid
957 3998 1019 4063 tibi
1041 3997 1315 4080 quandocumque
1338 3996 1478 4062 felicita-

332 4107 404 4174 tem
437 4107 606 4184 praestare
635 4102 790 4190 possae,
824 4107 942 4170 utrum
972 4104 1111 4185 nuptiae
1143 4121 1187 4168 an
1219 4103 1365 4168 solitaria
1390 4104 1479 4168 vrta.

332 4209 501 4276 Audimus
525 4210 682 4292 Episcopi
711 4211 820 4277 lenem
851 4211 1009 4293 ironiam:
1042 4211 1115 4274 δοκῶ
1146 4209 1209 4289 γὰρ
1234 4209 1322 4286 noya
1347 4211 1479 4286 πνεῦμα

371 4461 397 4525 l)
414 4461 486 4526 Lege:
503 4457 547 4516 ,ixl
564 4460 595 4509 τὸ
611 4457 675 4509 αὐτὸ
689 4457 740 4510 ’Ira

370 4543 397 4606 2)
418 4541 598 4607 Μνινινιρινιτέριι
622 4541 649 4593 δέ
671 4539 724 4601 έςιν
746 4541 772 4608 (ἦ
795 4541 875 4610 χέρα)
897 4538 939 4610 ἐὰν
957 4540 1035 4602 οὕτως
1056 4543 1126 4608 μείνῃ
1143 4544 1211 4594 aar&
1228 4541 1274 4602 τὴν
1291 4539 1352 4606 ἐμὴν
1369 4541 1473 4608 γνώμην
