3192 5325
608 549 672 616 107

85 730 339 817 revelationibus,
365 749 450 814 quae
472 734 538 815 ipsi
558 734 782 816 contigerunt.
807 736 924 818 ipsum
947 736 1055 802 Deum
1079 734 1209 814 cogitur

84 839 191 903 testem
211 838 372 905 advocare
392 840 533 922 indeque
551 843 726 923 perscribit
744 860 829 925 quas
845 843 1001 910 veritatis
1013 845 1111 908 notas
1123 840 1213 904 Deus

83 944 285 1029 impresserit,
306 949 346 1012 ut
365 947 591 1014 ministerium
610 950 873 1017 confirmaretur.
894 950 969 1016 Non
982 950 1090 1029 magis
1102 949 1212 1029 postu-

83 1039 173 1117 13131
192 1051 331 1118 lectores
352 1053 425 1120 sine
448 1056 537 1120 13313
560 1055 623 1122 3131
646 1056 746 1123 fidem
768 1057 923 1139 habeant,
947 1075 1049 1139 quam
1073 1059 1112 1122 ut
1135 1055 1212 1122 sim·

83 1156 194 1239 pliciter
226 1159 389 1241 judicium
423 1163 644 1243 pronuncient
678 1164 719 1229 de
753 1162 951 1230 ministerio.
987 1162 1141 1229 Postulat
1176 1159 1212 1224 id

84 1263 196 1346 potius,
220 1267 260 1329 ut
284 1265 347 1330 sibi
368 1269 524 1334 credatur
545 1268 816 1338 testimoniorum
839 1287 956 1354 causa,
981 1281 1123 1350 quorum
1143 1267 1214 1348 ipse

83 1368 160 1436 Deus
189 1389 305 1438 curam
327 1376 440 1454 gessit.
476 1377 550 1442 Hoc
572 1394 672 1443 omne
694 1377 920 1444 necessarium
944 1394 1017 1444 esse
1040 1375 1150 1450 videt,
1177 1374 1215 1437 ut

86 1478 270 1544 adversariis
288 1497 326 1546 33
345 1481 489 1548 31113131.
508 1483 794 1565 Verbo:primum
807 1484 1000 1550 consolator
1011 1484 1082 1564 est,
1097 1479 1214 1546 deinde

87 1582 234 1650 Ecclesiae
265 1586 390 1669 Judex,
424 1589 482 1654 sed
512 1590 708 1671 procedente
738 1594 893 1672 3331331
917 1589 1082 1671 imprimis
1105 1588 1139 1652 in
1162 1602 1215 1650 ex-

89 1691 182 1754 trema
203 1690 355 1773 Epistula
377 1698 506 1776 pugnat
529 1713 587 1777 pro
611 1714 674 1762 sua
695 1697 802 1779 ipsius
826 1697 949 1776 salute,
973 1712 1015 1760 ne
1038 1695 1080 1760 ab
1102 1693 1215 1758 adver·

90 1794 174 1860 scriis
192 1801 431 1878 prosternatur.
452 1801 531 1868 Plus
549 1803 691 1884 denique
706 1804 852 1869 concitat
864 1801 1106 1868 misericordiae
1114 1815 1216 1881 quarm

90 1905 282 1972 reverentiae
297 1905 332 1990 ¹).
511 1991 513 1996 .

131 2009 264 2077 Pulchra
293 2013 458 2080 Ecclesiae
489 2015 598 2096 imago
617 2017 671 2082 hic
694 2011 812 2084 itidem
833 2015 973 2083 evanuit
996 2017 1032 2080 31
1055 2010 1218 2080 successit

93 2115 266 2200 descriptio,
287 2121 384 2186 cuius
401 2121 486 2188 atris
503 2123 666 2189 coloribus
685 2140 728 2189 ne
746 2122 958 2190 adversarius
977 2121 1112 2203 quidem
1130 2117 1219 2199 quid·

94 2238 182 2302 quam
209 2226 376 2306 potuisset
406 2228 535 2293 addere.
571 2228 677 2309 Legat
704 2230 779 2311 quis
804 2230 899 2295 modo
926 2229 976 2312 12,
1004 2228 1046 2293 20
1070 2244 1119 2307 sq.
1143 2225 1220 2306 post

96 2328 120 2409 1,
150 2331 195 2394 11.
230 2331 283 2396 Ex
313 2333 456 2412 pristina
485 2335 730 2402 necessitudine
760 2336 844 2400 nihil
874 2337 990 2402 restat.
1023 2329 1168 2413 Scriptor
1192 2329 1222 2394 si

95 2437 226 2522 venerit,
249 2439 440 2506 animorum
464 2442 637 2508 dissensus
658 2443 739 2527 erit,
766 2443 817 2524 12,
843 2443 895 2507 20.
931 2440 1023 2522 Quod
1045 2437 1222 2518 adipsum

95 2541 221 2620 311331,
245 2544 409 2612 Ecclesiae
431 2565 497 2612 non
520 2551 634 2630 parcet
658 2548 690 2632 (1
675 2550 725 2631 1,3
749 2550 771 2614 3
794 2543 1014 2630 3311,.23)

134 2647 201 2716 Duo
229 2653 311 2718 sumt
345 2670 429 2734 quae
460 2656 551 2721 33113
581 2658 677 2733 3331
703 2657 744 2722 31
766 2673 829 2721 mos
851 2652 986 2736 quidem
1008 2649 1220 2717 arbitramur.

96 2752 231 2823 Primum
250 2758 353 2824 huius
370 2758 542 2841 Epistulae
558 2764 677 2827 textus
692 2762 874 2828 admodum
894 2760 981 2826 male
999 2757 1135 2824 habitus
1151 2757 1222 2832 est,

97 2860 199 2929 deinde
228 2868 380 2946 pugnant
412 2867 501 2932 inter
531 2885 568 2933 se
590 2885 675 2949 quae
702 2868 837 2949 scripsit
860 2867 1049 2948 quicunque
1073 2861 1223 2944 scripsit,

97 2969 160 3033 tum
185 2970 224 3036 de
247 2974 357 3036 semet
380 2972 466 3056 ipso,
492 2978 567 3039 tum
591 2975 630 3039 de
654 2960 1046 3052 Ecclesiac'conditione;
1070 2970 1148 3034 hinc
1171 2984 1224 3032 ne-

99 3077 226 3142 cessario
260 3079 367 3143 oritur
400 3081 558 3163 suspicio,
595 3099 657 3147 nos
687 3080 763 3147 non‘
781 3084 894 3145 tenere
924 3078 1025 3143 unius
1055 3074 1225 3157 scriptoris

99 3182 297 3266 opusculum,
328 3186 386 3250 sed
415 3186 560 3267 aliquam
591 3188 858 3270 compilationem
879 3202 983 3267 eaque
1006 3185 1079 3265 ipsa
1102 3181 1226 3263 compi-

99 3285 167 3353 latio
188 3308 254 3356 non
278 3291 410 3373 integra
432 3293 474 3359 ad
497 3312 558 3361 nos
581 3295 750 3383 pervenit,
777 3293 835 3359 sed
859 3292 953 3358 miris
977 3290 1084 3356 modis
1108 3291 1226 3353 retrac-

101 3394 163 3459 tata
184 3396 257 3462 11111.
793 3425 796 3429 ⁴

138 3501 183 3565 Ut
204 3505 319 3583 partes
341 3505 555 3591 deliniantur,
584 3524 668 3589 quae
691 3508 831 3573 adeam
853 3504 1120 3586 compilationem
1140 3500 1228 3566 adhi-

103 3604 177 3672 bitae
198 3608 351 3692 1331331,
375 3630 436 3678 333
459 3616 686 3680 convertimus
708 3614 751 3679 ad
774 3612 885 3696 capita
907 3613 927 3676 8
949 3613 984 3677 et
1007 3612 1038 3675 9.

104 3753 268 3769 ἣ..-

132 3847 156 3910 1)
176 3848 231 3914 cap.
255 3850 295 3907 12,
320 3851 335 3899 6
359 3852 416 3898 extr.
436 3850 498 3913 loge:
529 3847 588 3911 11113
605 3847 619 3897 E
637 3847 726 3911 βλέπει
744 3846 758 3905 ἰὶ
776 3843 860 3896 duodo
879 3841 947 3906 ἐμοῦ.
967 3843 996 3893 V.
1015 3842 1030 3896 7
1050 3841 1112 3906 lege:
1133 3838 1226 3899 113μῆ

106 3927 188 3993 κολάζῃ
210 3935 233 3980 31
255 3932 415 3997 333313111331
438 3928 487 3995 (ἐν).
504 3934 536 3995 τῇ
554 3931 633 3993 σαρκί.
651 3932 695 3981 Vs.
714 3931 728 3980 9
746 3928 821 3987 1131331
839 3922 995 3988 3131331133
1013 3926 1037 3974 31
1055 3920 1095 3973 ἐπ’
1113 3918 1160 3983 ἐμέ
1176 3936 1228 3970 331·

108 4014 166 4073 13313
180 4024 240 4062 sunt.
266 4016 334 4079 Quae
360 4014 490 4063 intercedat
508 4014 648 4063 1311313131
665 4010 829 4075 καυχήσομαι
846 4014 870 4059 31
887 4007 1077 4073 conjunctionem
1095 4004 1146 4063 ἵνα,
1163 4004 1228 4053 haud

108 4088 164 4140 113113
187 4094 279 4145 dixeris.
304 4096 396 4145 Omitte
418 4112 451 4145 vs.
475 4095 506 4144 sb
528 4100 552 4145 31
574 4101 654 4145 tamma
677 4099 714 4143 331
739 4093 798 4142 benc
820 4089 978 4142 cohaerebunt
995 4106 1028 4140 va.
1049 4088 1078 4138 33
1096 4086 1229 4151 (usquead

110 4177 217 4236 τελεῖται)
234 4181 309 4227 atvs.
328 4179 359 4227 ld
378 4181 472 4243 etpost
490 4179 530 4237 Ea,
546 4177 644 4228 verbum
664 4173 754 4227 citone
771 4176 850 4241 ipsum
868 4177 902 4223 est
921 4174 983 4238 quod
1001 4174 1170 4238 exspectamus.
1187 4169 1229 4219 Vs.

112 4253 146 4303 12:
160 4252 182 4304 ἐν
197 4257 265 4322 adop
280 4258 390 4325 ὑπομονῇ
408 4265 548 4325 3311131311
566 4260 667 4310 videtur.
688 4259 767 4307 Etiam
785 4258 860 4307 1313
878 4272 922 4322 pro
932 4253 1104 4316 κατενάρκησα
1111 4252 1230 4301 malumus

111 4338 385 4407 131331113333113333
402 4347 438 4391 331
454 4343 514 4392 falsa
531 4342 601 4391 lectio
619 4358 647 4390 ex
665 4357 697 4390 vs.
717 4342 755 4398 14,
774 4339 816 4404 qni
832 4343 913 4389 tamen
930 4337 955 4386 in
972 4337 1017 4386 hoc
1034 4336 1143 4385 contextu
1161 4348 1231 4383 331133

111 4416 170 4480 plara
189 4438 273 4474 1333113
295 4427 339 4473 cst.
362 4426 414 4473 Nec
430 4425 505 4489 magis
522 4424 568 4473 huc
585 4424 686 4488 quadrat
705 4423 745 4481 13,
764 4423 801 4471 13.
821 4421 886 4486 Quid
904 4422 939 4469 331
958 4419 998 4477 13,
1015 4419 1042 4467 4:
1063 4412 1185 4477 iqoeopottn
1202 4409 1230 4478 ἐξ

112 4497 238 4561 detortae?
263 4506 315 4555 Vos.
340 4507 355 4555 6
378 4511 402 4555 31
425 4505 439 4557 'I
461 4506 570 4556 tinniunt
592 4520 673 4564 33133,
697 4493 904 4553 3311133113113113
926 4508 968 4550 331.
987 4500 1027 4551 Vs
1045 4501 1060 4548 8
1078 4498 1231 4561 (1311133331

112 4586 351 4649 1111331313311333,
368 4589 408 4637 3311
424 4587 556 4655 praestanti
572 4586 705 4652 gemmulae
721 4585 866 4636 1133313333
879 4600 927 4633 non
945 4585 1003 4633 3131
