3192 5325
922 514 965 582 84

368 701 510 777 parada.
546 701 738 767 Matthaeus
771 704 807 766 et
841 701 973 765 Marcus
1007 717 1080 766 rem
1111 700 1146 764 in
1178 700 1286 765 medio
1317 699 1506 780 relinquunt

368 811 560 891 habentque
590 812 745 875 tantum:
769 808 832 873 hoc
855 809 909 872 est
932 823 1052 888 corpus
1075 823 1199 872 meum.
1225 806 1317 887 Quod
1342 805 1431 888 apud
1452 804 1507 868 Lu·

369 933 443 981 carn
465 916 599 981 additur
624 916 675 999 22,
704 917 763 980 19:
788 913 823 976 τὸ
849 913 922 991 ὑπὲρ
944 911 1025 988 ὑμῶν
1047 912 1506 992 111101111010110111010100·

369 1023 485 1108 00110,
505 1039 711 1102 consequens
745 1021 810 1086 erit
844 1021 931 1102 quod
967 1020 1151 1085 absmdum
1185 1023 1256 1084 est:
1290 1019 1390 1085 sicuti
1418 1018 1507 1099 panis

369 1129 488 1212 datar,
513 1129 562 1194 sic
584 1128 690 1194 etiam
711 1145 831 1209 corpus
849 1144 965 1193 meum
984 1126 1109 1191 datar!
1130 1126 1360 1206 cogitabimus
1372 1125 1507 1190 fortasse

372 1237 387 1299 1
415 1234 487 1300 Cor.
514 1236 565 1316 10,
592 1237 633 1301 16
665 1235 705 1300 de
735 1251 821 1315 pane
852 1234 977 1315 fracto,
1015 1233 1073 1298 sed
1097 1232 1183 1314 perit
1207 1232 1408 1313 similitudo,
1433 1247 1507 1295 nam

368 1340 449 1406 Jesu
466 1358 584 1422 corpus
607 1359 676 1406 000
699 1340 766 1406 fuit
784 1340 947 1419 fractum,
961 1338 1062 1406 sicuti
1074 1339 1245 1404 debuisset
1256 1338 1337 1403 fieri.
1358 1334 1509 1403 Nonnulli

369 1447 496 1511 codices
523 1449 539 1510 1
564 1447 635 1512 Cor.
663 1448 714 1530 11,
741 1447 784 1510 24
808 1448 886 1526 post
909 1444 943 1508 τὸ
966 1444 1040 1526 ὑπὲρ
1061 1445 1142 1519 ὑμῶν
1161 1445 1369 1525 adscriptum
1387 1443 1507 1509 habent

368 1554 453 1634 quod
476 1555 659 1619 absurdum
685 1555 757 1620 est:
783 1550 993 1631 θρυπτόμενον.
1018 1551 1124 1618 Nemo
1149 1553 1246 1618 novit
1270 1553 1350 1632 quid
1373 1550 1507 1616 tertium

369 1659 414 1724 011
447 1661 483 1724 10
518 1659 765 1740 comparatione
795 1658 940 1739 corporis
969 1675 1047 1723 curn
1079 1675 1176 1738 pane.
1200 1658 1269 1723 Nec
1293 1657 1401 1736 magis
1425 1653 1508 1736 quid-

368 1783 469 1846 quam
487 1766 530 1831 ad
549 1765 807 1846 explicationem
828 1765 976 1830 conteret
1000 1764 1115 1849 „panis
1127 1764 1277 1830 fractio”.
1303 1763 1421 1829 Confer
1433 1761 1506 1825 Luc.

370 1871 421 1954 24,
447 1873 490 1935 39
500 1893 508 1952 ;
532 1872 610 1936 Act.
637 1872 666 1951 2,
692 1872 735 1935 42
745 1892 754 1952 ;
778 1873 808 1954 2,
836 1871 878 1934 46
888 1891 896 1952 ;
924 1870 975 1954 20,
1003 1872 1041 1951 73
1067 1873 1119 1954 21,
1145 1871 1189 1936 35
1224 1872 1258 1934 01
1282 1869 1410 1935 videbis
1435 1884 1505 1932 nus-

368 1995 470 2057 quam
502 1977 595 2057 iungi
627 1979 662 2041 τὸ
690 1977 793 2046 πίνειν,
819 1976 853 2039 ἕκ
884 1980 937 2040 τοῦ
967 1977 1108 2054 ποτηρίου
1132 1995 1209 2042 cum
1234 1977 1332 2056 panis
1355 1975 1507 2041 fractione

368 2100 475 2164 neque
504 2083 607 2150 ullam
637 2084 722 2150 satis
752 2085 906 2149 idoneam
942 2101 1079 2149 causam
1103 2101 1178 2149 esse
1201 2102 1260 2149 cnr
1281 2084 1323 2148 de
1347 2080 1379 2146 S.
1404 2081 1506 2146 Coena

367 2189 569 2273 cogitemus,
595 2207 673 2255 cum
695 2191 894 2270 praesertim
917 2190 995 2255 Act.
1021 2192 1051 2271 2,
1077 2191 1121 2254 46
1144 2207 1214 2255 000
1236 2189 1316 2254 illud
1340 2191 1428 2254 certe
1447 2187 1505 2250 Lu·

367 2312 424 2360 cas
455 2295 584 2361 tradere
616 2296 775 2379 voluerit,
809 2301 1106 2361 commemoratam
1137 2296 1243 2360 fuisse
1270 2296 1351 2361 Jesu
1373 2295 1505 2360 01011010
1570 2303 1571 2382 3

371 2402 476 2486 „circa
494 2402 631 2467 domos’'
651 2402 750 2482 idque
764 2401 893 2467 factum
905 2397 1503 2488 1010000010,,0101111011000000110”.
1570 2391 1571 2440 l

413 2507 491 2571 Jarn
514 2506 566 2572 tac
589 2510 665 2572 0010
688 2504 720 2571 S.
746 2507 893 2572 Coenam
915 2509 1114 2574 institutam
1137 2509 1290 2574 homines
1313 2507 1412 2586 vulgo
1431 2505 1503 2569 cele·

366 2611 517 2678 oravisse
550 2613 666 2698 „panis
688 2613 917 2697 fractionem',
943 2615 970 2679 si
996 2614 1098 2680 Jesus
1121 2631 1161 2681 ea
1182 2616 1281 2680 nocte
1305 2631 1371 2695 qua
1393 2613 1504 2694 captus

366 2719 420 2782 001
440 2736 563 2784 novam
582 2722 682 2784 notae
700 2720 748 2785 rei
766 2719 950 2785 addidisset
969 2720 1264 2802 significationem,
1277 2718 1505 2785 verosimiliter

360 2826 438 2906 post
468 2825 664 2890 institutam
689 2822 721 2889 S.
745 2826 893 2891 Coenam
915 2844 1004 2892 nova
1027 2826 1224 2906 significatio
1250 2826 1340 2890 illius
1366 2823 1504 2910 „fractio

365 2930 420 2996 nis
443 2931 562 3013 panis''
585 2932 826 3014 quodammodo
850 2933 1038 3013 pelluceret.

413 3034 476 3103 Sed
506 3037 614 3103 solum
638 3040 746 3103 restat
769 3041 810 3102 111
831 3038 1006 3104 videamus
1029 3038 1193 3119 numquid
1217 3038 1369 3103 conferat
1396 3039 1411 3100 1
1438 3036 1503 3101 Cor.

368 3143 419 3223 11,
434 3143 477 3207 23
489 3162 577 3225 sqq.;
601 3162 722 3209 verum
746 3143 867 3209 statim
890 3144 926 3207 in
945 3144 1057 3210 oculos
1075 3145 1254 3209 incmrunt
1274 3160 1334 3209 eae
1352 3158 1406 3207 res
1427 3154 1505 3223 quae

365 3251 569 3328 sequuntur:

413 3347 458 3417 1⁰.
482 3354 656 3419 Locutioni
693 3353 797 3423 ὁσάκις
834 3354 872 3418 ἂν
908 3355 1014 3428 πίνητε
1049 3375 1102 3425 vs.
1135 3356 1198 3431 25,
1235 3373 1303 3422 000
1334 3354 1502 3435 respondet
1569 3374 1570 3389 ¹

365 3456 470 3527 ὁσάκις
494 3456 531 3521 ἂν
555 3458 672 3531 ἐσθίητε
696 3480 746 3526 vs.
773 3462 827 3526 24.

412 3562 458 3629 2⁰.
483 3565 543 3630 Vs.
577 3567 620 3630 26
655 3567 752 3647 panis
780 3570 816 3631 01
847 3567 967 3633 vinum
999 3569 1115 3634 eodem
1145 3569 1215 3633 loco
1245 3568 1428 3650 habentur,
1453 3562 1505 3631 sed

366 3687 503 3735 versum
526 3670 765 3751 interpolatum
787 3689 860 3738 esse
883 3674 1006 3740 dixeris
1025 3677 1066 3740 ut
1086 3674 1298 3756 suppleretur
1311 3672 1398 3763 quod
1410 3686 1503 3753 supra

365 3776 529 3841 omissum
552 3779 635 3841 erat.

413 3877 460 3946 3⁰.
485 3882 546 3948 Vs.
572 3883 629 3966 24,
662 3883 720 3948 ubi
743 3884 842 3950 Jesus
866 3887 962 3967 panis
985 3887 1182 3953 fractionem
1205 3886 1411 3967 praecepisse
1435 3881 1503 3947 dici-

364 3990 438 4069 tur,
464 3986 546 4051 nihil
569 3991 622 4053 est
642 4006 705 4069 quo
724 3990 805 4054 lesu
826 3994 970 4057 mortem
989 3993 1151 4057 recordari
1168 3986 1504 4074 jubeamur‚idquod

365 4111 417 4158 vs,
442 4094 543 4157 2610
567 4094 600 4158 S.
626 4094 735 4160 Coena
758 4097 976 4177 praecipuum
999 4102 1062 4163 est.

353 4248 356 4253 .
411 4198 458 4264 40.
482 4199 589 4264 Nemo
612 4202 735 4281 poterit
757 4204 871 4282 negari
894 4202 949 4284 (cf.
975 4222 1026 4269 vs.
1041 4206 1083 4272 25
1104 4222 1181 4269 0001
1200 4222 1252 4270 vs.
1267 4205 1324 4289 24)
1346 4204 1387 4269 de
1398 4199 1503 4284 poculo

365 4307 419 4385 agi
442 4306 565 4371 maiore
589 4322 666 4371 cum
688 4323 767 4372 cura
790 4326 893 4389 quam
915 4310 957 4374 de
981 4328 1077 4392 pane.
1560 4320 1562 4327 ’

411 4409 457 4475 50.
482 4407 571 4476 Satis
603 4412 822 4493 intelligimus
852 4415 931 4495 quid
962 4416 1008 4481 sit
1031 4434 1126 4481 reum
1157 4434 1232 4482 0000
1256 4416 1432 4495 sanguinis
1455 4414 1502 4479 011·
1568 4418 1569 4421 ’

364 4517 480 4598 cuius,
518 4518 567 4600 11,
596 4518 636 4584 27
647 4539 656 4598 ;
692 4520 750 4583 sed
783 4519 863 4599 quid
892 4522 1033 4612 tandem
1064 4526 1118 4587 est
1146 4540 1243 4588 reum
1266 4540 1342 4588 0000
1365 4520 1502 4604 corporis
