3192 5325
891 539 957 604 118

349 723 465 786 menta
498 721 564 785 fuit
593 737 637 786 ex
667 721 787 801 quibus
817 720 899 786 haec
922 720 1074 802 Epistula
1097 719 1284 800 composita
1308 723 1379 802 est,
1413 719 1506 783 haee

348 821 535 893 necessario
553 827 673 892 referet
695 827 876 907 imaginem
900 826 1109 894 Christ'anae
1132 825 1297 892 Ecclesiae
1320 827 1504 907 aliquanto

348 933 580 1017 recentiorem,
614 949 716 1014 quam
745 950 785 999 ea
814 937 883 1015 est,
908 951 1010 1015 quam
1034 934 1206 1015 hucusque
1230 933 1441 999 offendimus
1469 931 1507 996 in

349 1038 530 1120 Epistulis,
565 1056 708 1120 quarum
742 1039 867 1105 Paulus
902 1039 1084 1120 Episcopus
1119 1039 1269 1105 redaetor
1304 1038 1379 1104 fuit
1419 1038 1506 1104 Jam

348 1145 520 1226 quaeritur
543 1164 626 1211 num
644 1147 799 1212 accurato
816 1145 971 1212 examine
990 1145 1023 1211 id
1044 1145 1276 1230 confirmetur,
1300 1144 1387 1226 quod
1408 1145 1505 1212 ratio

348 1252 508 1333 postulat.

392 1358 447 1423 Ad
476 1359 620 1442 primam
645 1375 747 1442 quam
768 1359 944 1441 posuimus
966 1359 1214 1441 quaestionem,
1238 1358 1501 1426 observationes

347 1465 518 1546 pertinent
541 1483 625 1547 quae
649 1469 846 1548 sequuntur.

390 1573 483 1638 Inter
518 1571 771 1638 vetustissimos
807 1571 1074 1638 Christianorum
1103 1573 1221 1654 libros,
1255 1572 1311 1654 qui
1336 1590 1403 1638 non
1429 1571 1502 1637 nisi

346 1677 471 1759 partim
502 1680 700 1762 supersunt,
726 1682 894 1759 complura
916 1681 1014 1744 erant
1036 1679 1213 1760 opuscula,
1238 1697 1324 1761 quae
1347 1678 1502 1760 episcopi

346 1783 424 1850 olim
459 1783 601 1850 diversis
630 1785 671 1849 de
701 1787 802 1850 rebus
833 1785 875 1850 ari
900 1802 980 1850 suas
1002 1785 1144 1866 quisque
1167 1786 1332 1852 Ecclesiae
1356 1785 1501 1867 scripse·

346 1893 435 1955 rant.
470 1891 555 1971 Quid
578 1891 703 1958 mirum
726 1892 762 1956 in
784 1889 849 1956 illis
872 1891 1039 1972 opusculis
1063 1894 1180 1973 postea
1202 1893 1293 1958 haud
1316 1909 1424 1974 pauca
1449 1909 1500 1956 re·

346 1998 442 2076 perta
470 1996 590 2078 fuisse,
615 2014 700 2078 quae
722 2000 799 2062 tuto
822 1997 942 2077 negligi
964 1999 1147 2080 poterant?
1180 1998 1299 2080 Itaque
1322 2017 1387 2080 quo
1409 2001 1500 2064 tem·

274 2125 277 2131 ·
346 2120 424 2184 pore
459 2103 636 2185 compilata
666 2103 803 2169 fuerunt
835 2104 973 2170 Judaioa
1003 2106 1037 2169 et
1070 2103 1260 2170 Christiana
1282 2105 1498 2184 fragmenta,

346 2210 436 2274 unde
457 2211 592 2276 Novum
612 2211 870 2276 Testamentum
890 2227 1048 2289 magnam
1059 2214 1192 2292 partem
1203 2213 1364 2292 originem
1376 2212 1496 2291 duxit,

346 2317 493 2398 primum
516 2317 571 2383 illa
593 2317 740 2398 seposita
761 2317 920 2395 fuerunt,
946 2319 986 2382 ut
1008 2335 1047 2383 ea
1065 2319 1281 2400 potissimum
1302 2318 1498 2398 fragmenta

293 2424 297 2435 “
347 2423 584 2505 reciperentur,
609 2441 694 2505 quae
717 2423 874 2489 omnibus
897 2423 1087 2489 hominibus
1103 2423 1274 2489 destinata
1292 2424 1498 2489 videbantur

347 2533 383 2594 et
417 2546 548 2611 semper
580 2531 737 2611 prodesse
770 2533 936 2610 poterant.
980 2531 1181 2613 Supervenit
1220 2533 1336 2596 tamen
1374 2533 1497 2612 postea

346 2636 555 2718 compilator,
598 2636 655 2718 qui
697 2652 815 2718 operae
854 2638 1000 2719 pretium
1035 2637 1135 2704 duxit
1169 2655 1209 2704 ea
1242 2657 1285 2705 ex
1321 2637 1497 2704 veteribus

346 2743 438 2808 libris
468 2759 659 2824 excerpere,
692 2759 835 2823 quorum
865 2744 969 2809 etiam
999 2746 1115 2826 postea
1146 2743 1266 2826 aliquis
1298 2762 1382 2810 usus
1417 2761 1497 2809 esse

346 2851 487 2931 poterat.
530 2849 701 2929 Imprimis
738 2849 873 2915 animus
904 2850 1099 2917 trahebatur
1131 2850 1172 2916 ad
1204 2851 1385 2932 epistulam
1416 2852 1495 2933 ejns

346 2955 426 3037 viri,
460 2955 517 3037 qui
551 2955 593 3019 ab
629 2954 797 3021 nonnullis
831 2972 932 3021 verus
967 2959 1084 3021 auctor
1112 2957 1298 3022 habebatur
1328 2955 1496 3022 Ecclesiae

347 3061 554 3127 Christianae
588 3061 676 3141 apud
699 3060 858 3128 Gentiles.
894 3062 1008 3129 Talem
1030 3080 1109 3129 eum
1132 3061 1313 3145 epistulam
1337 3065 1495 3129 retracta·

346 3167 437 3232 visse
460 3166 670 3248 conjicimus,
694 3184 737 3231 ex
760 3185 827 3248 qua
850 3168 974 3235 scilicet
996 3169 1091 3235 hodie
1115 3171 1317 3251 supersunt:

393 3271 510 3337 2001.
538 3272 565 3355 1,
595 3271 727 3337 1-102.

348 3378 550 3460 Compilator
579 3377 717 3443 iteravit
746 3396 796 3445 vs.
829 3377 886 3445 10b
917 3383 1058 3447 verbum
1090 3381 1176 3463 quod
1198 3381 1360 3447 ultimum
1381 3382 1496 3447 iuerat

348 3502 399 3550 vs.
435 3484 499 3564 100,
524 3486 565 3548 ut
587 3484 761 3549 adnectere
783 3488 898 3567 posset
925 3487 1030 3552 11-1
1069 3489 1171 3571 ;jam
1195 3487 1287 3552 enim
1311 3488 1431 3554 statim
1457 3505 1497 3553 ea

347 3590 557 3671 pertinebant
579 3590 622 3655 ad
645 3589 777 3655 laudem
801 3592 926 3657 veteris
954 3593 1119 3658 Ecclesiae
1139 3593 1368 3677 Christianae,
1388 3610 1495 3675 quae,

348 3697 430 3761 dum
461 3695 656 3777 compilator
687 3697 847 3763 memoria
873 3701 990 3763 vetera
1019 3701 1206 3783 repetebat,
1238 3716 1307 3765 non
1330 3699 1434 3765 nimis
1461 3700 1496 3764 111

348 3801 468 3867 umbra
495 3800 681 3867 collocanda
703 3805 785 3868 erat.
822 3803 912 3869 Deus
934 3809 1085 3871 servarat
1108 3806 1249 3871 Paulum
1273 3806 1495 3888 Episcopum,

349 3906 631 3985 συνυπουργούντων
655 3908 708 3973 καὶ
735 3909 817 3983 ὑμῶν
841 3910 913 3989 ὑπὲρ
937 3913 1021 3987 ἡμῶν
1040 3918 1079 3987 τῇ
1102 3910 1200 3984 δεήσει
1221 3910 1301 3988 ara,
1321 3911 1401 3993 quin
1419 3914 1497 3977 tota

211 4027 214 4032 ·
348 4013 486 4079 ecclesia
514 4015 667 4096 Episcopi
700 4017 857 4094 καύχημα
888 4020 969 4082 erat.
1006 4018 1075 4083 Nec
1099 4017 1229 4101 difficile
1252 4017 1318 4083 fuit
1342 4019 1496 4099 compila-

348 4120 430 4199 tori,
463 4120 515 4185 uti
541 4121 759 4202 arbitramur,
783 4121 869 4187 tales
891 4122 1055 4189 Ecclesiae
1078 4123 1192 4190 laudes
1216 4140 1258 4189 ex
1282 4123 1400 4189 multis
1423 4126 1495 4212 qui-

349 4227 412 4291 bus
438 4228 597 4292 utebatur
620 4228 794 4312 subsidiis,
820 4244 1004 4309 excerpere.

396 4332 512 4399 2001.
539 4334 567 4417 1,
595 4332 736 4400 15-18.

349 4438 504 4504 Habebat
533 4442 705 4520 praeterea
735 4439 930 4520 compilator
959 4440 1187 4521 fragmentum
1214 4444 1254 4508 de
1278 4443 1494 4510 immutabili-

349 4543 437 4628 tate,
463 4545 497 4609 in
521 4561 585 4625 quo
608 4544 726 4609 itidem
747 4544 917 4624 legebatur
939 4546 987 4609 νυὶ
1012 4546 1063 4610 aa)
1089 4546 1123 4611 οὔ
1145 4548 1228 4632 (vss.
1256 4550 1411 4627 19-22).
