3192 5325
918 502 993 569 «268

387 685 562 764 Origenem
591 684 685 765 sequi
717 685 889 750 videmus:
929 684 987 770 „ln
1021 683 1119 746 tanta
1149 678 1366 744 multitudine
1395 673 1526 754 scriptu-

386 809 502 856 rarum
532 791 702 856 neminem
734 791 859 856 scimus
887 791 1006 856 iesum
1029 789 1256 869 peccatorem,
1282 783 1381 849 sicuti
1403 781 1436 844 in
1459 778 1528 844 aliis

388 897 581 962 nominibus
600 898 788 978 iustorum,
815 900 856 961 ut
880 896 1030 979 ejusdem
1055 893 1200 959 nominis
1228 889 1440 956 inveniantur
1460 901 1528 948 esso

387 1002 492 1067 etiam
515 1002 637 1084 iniqui;
658 1041 690 1048 —
708 1020 775 1068 nou
799 1005 915 1067 autem
939 999 1157 1068 conveniebat
1181 1014 1256 1062 esse
1280 994 1346 1060 tale
1369 991 1485 1072 ahquid
1497 991 1528 1053 et

385 1109 422 1172 in
448 1109 581 1174 nomine
601 1109 715 1174 Jesu.''
740 1107 945 1173 Admirabile
963 1107 1024 1171 hoc
1044 1107 1099 1170 est
1118 1105 1201 1169 artis
1214 1101 1347 1167 criticae
1359 1098 1526 1179 specimen.

432 1213 572 1296 Legitur
602 1216 639 1278 in
670 1214 787 1279 Codice
812 1213 971 1278 Sinaitico
995 1214 1031 1277 et
1055 1210 1220 1276 Vaticano
1244 1207 1365 1273 Matth.
1391 1204 1448 1286 27,
1473 1202 1525 1264 49:

388 1315 485 1389 ἄλλος
511 1317 542 1382 δὲ
566 1319 675 1397 λαβὼν
705 1317 830 1398 λόγχην
857 1315 957 1394 ἔνυξεν
981 1317 1077 1380 αὐτοῦ
1101 1315 1155 1388 τὴν
1179 1311 1313 1392 πλευρὰν
1338 1307 1389 1374 καὶ
1415 1306 1527 1384 ἐξῆλθεν

389 1420 462 1502 ὕδωρ
486 1425 537 1487 καὶ
563 1418 657 1501 αἷμα.
682 1426 696 1486 ὃ
722 1424 754 1488 δὲ
779 1428 894 1498 Ἰησοῦς
921 1422 1017 1486 πάλιν
1038 1419 1153 1500 κράξας
1174 1426 1260 1499 <dcvi
1283 1415 1413 1497 μεγάλῃ
1432 1413 1526 1492 ἀφῆκε

262 1517 266 1524 ’
387 1531 421 1593 τὸ
443 1534 578 1606 πνεῦμα.
611 1531 806 1612 Obloquitur
826 1531 997 1596 Johannes
1020 1530 1077 1610 19,
1100 1529 1162 1593 34:
1183 1523 1260 1590 ἀλλ’
1282 1518 1324 1594 εἷς
1345 1528 1402 1585 τῶν
1415 1540 1527 1598 sparto·

298 1706 301 1710 μ
387 1641 446 1700 τῶν
469 1633 577 1716 λόγχῃ
599 1639 695 1701 αὐτοῦ
721 1638 775 1709 τὴν
801 1636 936 1714 πλευρὰν
967 1633 1085 1710 ἔνυξεν,
1110 1633 1162 1698 καὶ
1190 1630 1313 1707 ἐξῆλθεν
1337 1627 1431 1699 εὐθὺς
1456 1621 1528 1700 αἷμα

387 1741 439 1806 καὶ
462 1738 556 1820 ὕδωρ·
581 1741 633 1807 καὶ
659 1744 672 1807 ὁ
696 1743 830 1822 ἑωρακὼς
855 1740 1108 1820 μεμαρτύρηκεν,
1134 1738 1185 1803 καὶ
1212 1739 1337 1811 ἀληθινὴ
1360 1737 1452 1799 αὐτοῦ
1476 1729 1528 1796 ε’ςὶν

389 1850 406 1922 i
439 1848 604 1927 μαρτυρίαι.
641 1851 710 1930 uuo
742 1853 873 1931 spectat
904 1849 959 1914 illa
989 1847 1149 1913 solemnis
1172 1844 1381 1911 obtestatio?
1415 1842 1529 1918 Nempe

389 1955 582 2019 Matthaeus
605 1955 789 2020 tradiderat
814 1956 895 2021 Jesu
918 1955 1026 2020 adhuc
1050 1953 1122 2018 vivi
1145 1951 1234 2016 latus
1258 1953 1374 2016 lancea
1397 1946 1529 2028 petitum

388 2060 510 2140 fuisse;
543 2065 715 2126 asseverat
738 2063 856 2126 autem
879 2061 1049 2126 lohannes
1072 2059 1162 2122 idem
1185 2057 1314 2122 factum
1339 2056 1443 2120 fuisse
1465 2050 1529 2131 post

390 2168 545 2231 mortem.
594 2166 692 2232 Nunc
731 2166 998 2232 Tischendorfrus
1034 2181 1137 2246 paene
1172 2163 1373 2228 necessitate
1410 2159 1530 2225 coactus

391 2266 590 2336 Sinaiticum
622 2290 724 2337 suum
756 2273 909 2336 Codicem
946 2271 1069 2336 deserit
1093 2286 1232 2349 seseque
1254 2267 1400 2349 applicat
1424 2265 1464 2329 ad
1487 2261 1531 2326 Co·

390 2375 497 2440 dicem
528 2376 797 2442 Alexandrinum
832 2377 978 2457 aliosque
1005 2377 1122 2457 libros,
1145 2376 1180 2438 in
1205 2374 1327 2455 quibus
1350 2371 1439 2452 apud
1462 2368 1529 2432 Mat·

391 2481 531 2545 thaeum
554 2482 687 2547 lanceae
711 2483 839 2547 mentio
863 2481 988 2547 omissa
1012 2483 1075 2545 est.
1113 2480 1268 2544 Clemens
1292 2478 1325 2543 V
1345 2478 1382 2542 in
1403 2472 1529 2540 Concilio

392 2585 578 2652 Viennensi
611 2604 641 2651 a.
681 2577 777 2652 1311'
803 2588 1074 2652 additamentum
1105 2585 1141 2648 in
1171 2583 1335 2649 Matthaei
1365 2577 1529 2658 Evangelio

392 2691 568 2757 damnavit
591 2696 626 2757 et
650 2694 762 2759 docuit
779 2730 811 2739 -
832 2699 958 2761 vorator
982 2690 1045 2754 ἀπὸ
1070 2694 1124 2753 τοῦ
1146 2693 1286 2771 adponam
1306 2724 1338 2734 —
1358 2689 1530 2753 iohannem

392 2796 543 2862 tenuisse
574 2801 704 2863 rectum
735 2800 782 2864 rei
816 2802 929 2878 gestae
962 2797 1120 2864 ordinem.
1157 2796 1221 2861 Sed
1252 2796 1345 2875 Papa
1372 2794 1454 2859 scire
1475 2805 1529 2853 noo

391 2904 538 2986 poterat,
576 2904 609 2967 id
639 2905 725 2985 quod
759 2923 849 2969 nunc
879 2902 1117 2968 Tischondorfii
1147 2902 1259 2967 labore
1290 2900 1444 2982 perfacile
1472 2897 1528 2972 est,

393 3024 495 3087 quam
524 3010 672 3075 vetustis
704 3010 910 3092 temporibus
943 3006 1127 3073 versiculus
1158 3006 1211 3071 ille
1231 3008 1304 3089 jam
1326 3004 1486 3083 legeretur
1504 2999 1530 3063 et

391 3113 521 3178 facilius
551 3114 770 3193 intelligimus
801 3115 1009 3195 expunctum
1039 3112 1144 3177 fuisse
1177 3112 1263 3192 quod
1295 3128 1375 3191 curn
1397 3108 1530 3175 Joharrue

392 3222 572 3301 pugnaret,
608 3237 711 3299 quam
739 3220 947 3299 adscriptum
971 3218 1075 3283 fuisse
1100 3218 1187 3298 quod
1212 3220 1285 3281 tam
1309 3216 1434 3281 diserto
1456 3209 1530 3277 testi·

392 3323 504 3387 monio
538 3324 788 3389 convelleretur.
832 3323 1076 3409 ,‚SuspiceriS‚''
1112 3321 1223 3403 inquit
1259 3318 1528 3392 Tischendcrdus,

397 3428 485 3512 „jam
514 3426 599 3493 Celsi
634 3430 841 3509 temporibus
875 3427 1101 3506 evangelicam
1141 3427 1307 3493 Matthaei
1347 3426 1530 3506 scripturam

394 3532 572 3598 traditione
608 3535 649 3599 de
682 3537 807 3615 puncto
843 3534 921 3599 vivo
958 3533 1040 3598 Jesu
1073 3550 1207 3614 corpore
1239 3535 1379 3597 auctam
1410 3525 1529 3595 fuisse.'’

393 3638 511 3718 Itaque
534 3638 672 3717 negligit
695 3638 931 3703 testimonium
952 3641 1025 3703 tam
1045 3640 1222 3702 vetustum
1246 3639 1282 3701 et
1301 3636 1384 3701 nihil
1404 3630 1529 3716 proderit

393 3743 498 3807 redire
521 3742 564 3807 ad
587 3744 714 3809 irenaei
734 3743 924 3818 saeculum,
948 3742 977 3807 si
997 3742 1059 3806 hoc
1080 3745 1201 3823 agatur
1221 3744 1261 3806 ut
1281 3741 1426 3822 pristina
1444 3739 1530 3803 forma

395 3848 513 3913 Sacrae
531 3848 721 3928 scripturae
740 3848 907 3913 reddatur.
932 3847 994 3911 Sed
1016 3847 1121 3912 etiam
1139 3847 1218 3911 alibi
1231 3846 1384 3911 concedit
1397 3843 1528 3910 Tischer-

394 3953 535 4035 domins,
561 3953 647 4033 quod
669 3952 811 4018 incurrit
835 3953 870 4017 in
889 3951 1017 4033 oculos,
1036 3952 1108 4031 jam
1129 3951 1258 4016 irenaei
1278 3952 1392 4015 aetate
1412 3948 1529 4013 Sacrum

395 4058 547 4122 Codicem
569 4057 716 4123 multum
738 4059 781 4122 ab
805 4057 998 4135 integritate
1022 4057 1158 4122 afuisse.
1195 4057 1323 4125 Utrum
1344 4057 1442 4121 Marc.
1466 4052 1526 4133 1,1

395 4162 498 4226 verba
520 4162 582 4223 vioe
603 4160 666 4224 θεοῦ
688 4180 772 4244 quae
795 4162 909 4226 addita
929 4164 1011 4226 sunt
1036 4161 1249 4227 inVatioano
1271 4161 1409 4245 Codice,
1433 4160 1484 4225 sed
1500 4156 1530 4221 ab

395 4265 490 4330 initio
525 4266 650 4331 omissa
680 4268 779 4331 erant
814 4266 849 4329 in
884 4265 1000 4330 Codice
1032 4266 1210 4349 Sinaitioo,
1245 4265 1361 4347 spuria
1395 4267 1472 4331 sunt
1496 4278 1529 4325 an

395 4370 565 4449 genuina?
607 4371 722 4451 Neque
754 4370 788 4434 id
819 4370 866 4434 sic
900 4370 1096 4451 simpliciter
1128 4370 1306 4453 affirmari,
1345 4386 1408 4435 nec
1438 4364 1530 4447 negari

393 4477 516 4556 potest.
552 4476 615 4555 Qui
646 4476 728 4540 Levi
752 4474 874 4540 dicitur
900 4474 1003 4543 Marc.
1028 4476 1064 4559 2,
1094 4477 1135 4540 14
1160 4476 1311 4555 origenis
1335 4479 1480 4557 tempore
1498 4471 1528 4537 ab
