3192 5325
891 567 913 631 8

330 751 424 817 rendi
447 768 566 817 versus
590 753 622 835 4,
650 751 782 816 13-18
807 752 861 833 (de
885 748 1074 815 conditione
1097 751 1306 814 mortuorum
1329 750 1484 827 tempore

326 856 506 934 παρουσίας)
530 861 566 923 61
590 857 627 939 5,
655 858 752 921 1-3,

373 964 414 1027 Π.
447 962 597 1044 Suspicio
628 967 681 1029 est
712 981 782 1028 vss.
809 966 848 1040 4,
884 963 1016 1029 13-18
1048 964 1222 1043 excerptos
1250 978 1324 1027 esse
1344 977 1387 1024 ex
1409 976 1481 1024 uno

328 1069 523 1149 pluribusve
559 1070 668 1153 libris,
705 1071 741 1135 in
777 1070 900 1151 quibus
931 1069 1020 1135 idern
1042 1071 1283 1148 argumentum
1314 1065 1482 1147 copiosius

326 1180 417 1242 esset
440 1176 643 1257 expositum.

371 1282 427 1346 111.
449 1282 496 1347 Hi
517 1282 672 1348 versiculi
692 1300 760 1347 non
780 1283 828 1347 sic
847 1281 1043 1364 simpliciter
1063 1281 1221 1362 descripti
1232 1281 1384 1361 suerunt,
1399 1278 1478 1357 sed,

325 1389 411 1469 quod
443 1406 493 1454 vs.
530 1390 571 1453 14
595 1407 638 1454 ex
662 1389 776 1454 hiante
800 1389 950 1453 oratione
973 1390 1126 1469 apparet,
1153 1386 1369 1469 epitomator,
1395 1384 1480 1447 dum

326 1494 434 1560 atiena
457 1495 492 1559 in
516 1512 618 1560 suurn
642 1512 744 1561 usum
768 1495 1003 1578 convertebat,
1031 1494 1196 1575 quaedam
1213 1493 1428 1558 immutavit.

369 1601 428 1666 IV.
461 1602 539 1667 Vss.
573 1604 610 1685 5,
646 1603 754 1667 4-11
788 1601 1020 1684 epitomatoris
1053 1605 1135 1666 sunt
1159 1602 1194 1665 et
1217 1603 1385 1681 quantum
1406 1600 1481 1682 jnm
1594 1667 1595 1674 ,

326 1724 414 1772 nunc
447 1708 607 1773 affirmari
635 1710 765 1789 potest,
791 1708 1014 1789 conjungendi
1038 1709 1120 1772 sunt
1141 1723 1219 1771 oum
1244 1705 1481 1770 adhortatiom-
1594 1705 1595 1770 1

324 1814 388 1879 bus
413 1813 609 1897 moralibus,
637 1832 721 1895 quae
744 1814 903 1893 leguntur
927 1816 964 1897 4,
992 1814 1102 1878 1-12
1127 1815 1162 1877 et
1187 1810 1229 1887 5,
1258 1812 1399 1877 12-22.

371 1921 442 1985 Hos
463 1937 582 1985 versus
602 1923 785 2002 antequam
804 1921 1067 2003 consideremus,
1090 1923 1130 1984 ut
1149 1935 1234 2000 quae
1247 1919 1478 2001 conjungenda

326 2030 408 2093 sunt
441 2029 503 2091 sub
535 2044 602 2091 uno
634 2030 815 2109 conspectu
848 2030 1032 2107 ponantur,
1059 2024 1247 2090 dividemus
1269 2024 1305 2088 in
1328 2028 1402 2090 octo
1426 2043 1480 2106 pa·

326 2132 523 2214 ragraphos:
632 2152 663 2198 a.
689 2134 718 2217 4,
748 2135 847 2199 1-8.

629 2240 657 2304 b.
683 2242 713 2321 4,
741 2240 864 2304 9-12.

633 2364 658 2409 c.
684 2349 714 2430 5,
740 2348 778 2428 2;
806 2348 838 2411 3.

627 2453 658 2516 o.
687 2456 716 2537 e,
742 2454 879 2518 4-1oa.
986 2434 992 2453 ‘

634 2578 659 2624 e.
686 2560 714 2643 5,
744 2559 803 2641 123
830 2560 882 2625 13.

627 2667 654 2748 s·
681 2669 709 2750 5,
739 2669 798 2749 14;
827 2668 879 2733 15.

625 2792 656 2856 p.
682 2775 711 2857 5,
740 2774 881 2838 16-22.

374 2880 726 2966 Animadvertendum
749 2883 821 2960 est,
847 2880 881 2945 in
904 2881 971 2946 illis
993 2883 1209 2963 paragraphis
1232 2883 1479 2948 sententiarum

326 2987 501 3053 vinculum
524 2988 718 3071 desiderari,
744 3005 851 3069 neque
873 2988 910 3052 in
933 2987 1016 3069 ipsis
1040 2989 1329 3054 adhortationibus
1347 2992 1480 3054 certum

327 3095 503 3161 consilium
532 3095 670 3160 indicari
702 3112 814 3179 posse,
849 3113 954 3177 quum
978 3096 1177 3177 praesertim
1200 3095 1339 3160 minime
1364 3096 1480 3160 omnia

326 3200 415 3264 idem
448 3202 520 3265 sive
544 3200 703 3266 historiae
726 3201 798 3266 sive
823 3201 950 3266 ethices
975 3192 1235 3266 fundamentum
1258 3201 1413 3269 habeant.
1437 3202 1480 3265 In

327 3310 378 3384 §a
395 3306 537 3371 lectores
558 3307 652 3386 pueri
671 3310 768 3388 sunt,
791 3308 849 3388 qui
861 3309 1000 3373 fuerunt
1013 3307 1151 3372 docendi
1163 3311 1225 3375 πῶς
1239 3307 1286 3368 δεῖ
1296 3315 1480 3383 περιπατεῖν

328 3409 379 3472 unt
405 3410 542 3487 ἀρέσκειν
569 3412 632 3490 θεῷ.
669 3413 719 3477 Ne
750 3413 813 3477 hoc
843 3413 978 3494 quidem
1008 3416 1110 3478 antea
1142 3416 1264 3477 norant
1294 3429 1331 3478 se
1362 3413 1481 3479 debere

328 3515 504 3595 ἀντέχεσθαι
538 3517 600 3580 οὶοτὸ
632 3523 686 3588 τῆς
714 3519 863 3595 πορνείας.
900 3519 1004 3584 iidem
1029 3524 1047 3596 5
1071 3520 1089 3582 b
1113 3517 1296 3581 θεοδίδακτον
1319 3521 1412 3584 sunt.
1438 3520 1480 3584 In

328 3627 346 3701 5
365 3643 386 3689 a
407 3629 588 3689 monentur
608 3641 650 3689 ne
662 3625 770 3690 velint
783 3625 979 3701 ὑπερβαίνειν
991 3626 1042 3688 κυνὶ
1058 3632 1251 3688 πλεονεκτεῖν
1265 3624 1316 3686 τὸν
1328 3623 1479 3708 ἀδελφόν,

328 3731 363 3794 in
393 3735 411 3808 ᾖ
436 3732 454 3794 b
484 3749 770 3812 supervacaneum
802 3733 905 3797 1116111
934 3733 1058 3813 aliquid
1082 3733 1225 3798 scribere
1248 3733 1289 3797 ad
1313 3749 1480 3797 commen·

328 3837 472 3901 dandam
504 3837 732 3916 φννοδενφίον.
769 3838 810 3901 in
841 3842 898 3915 §e
930 3839 1069 3904 lectores
1100 3838 1205 3903 colere
1226 3839 1386 3919 jubentur
1410 3837 1483 3907 τοὺς

329 3942 549 4023 νουθετοῦντος,
575 3946 609 4009 in
629 3950 647 4022 5
666 3945 690 4025 s
708 3943 771 4024 ipsi
784 3944 906 4009 debent
923 3944 977 4009 illo
996 3962 1136 4010 munere
1157 3945 1253 4024 fungi
1272 3948 1308 4010 et
1323 3946 1479 4007 νουθετεῖν.
1591 3976 1592 4015 1

328 4049 391 4129 Qui
421 4050 554 4132 scripsit
583 4070 634 4116 vs.
661 4051 713 4132 27,
741 4054 911 4130 praeterea
933 4069 1001 4116 non
1024 4057 1122 4117 norat
1146 4051 1215 4120 τοὺς
1240 4052 1482 4127 monebimus,
1591 4032 1592 4043 ¹

328 4173 469 4237 quorum
493 4157 533 4222 fit
552 4157 678 4222 mentio
703 4176 755 4224 vs.
779 4160 820 4222 12
831 4180 839 4239 ;
862 4175 964 4239 quam
985 4158 1076 4222 enim
1096 4158 1266 4222 commode
1285 4157 1328 4222 iis
1348 4158 1482 4240 injungi

329 4261 494 4340 potuisset
525 4263 670 4328 officium
700 4264 880 4344 epistulam
911 4261 1021 4343 palam
1051 4263 1239 4328 recitandi?
1262 4264 1374 4344 Atque
1397 4264 1482 4329 haee

198 4441 199 4446 ἵ
328 4367 462 4448 quidem
485 4369 666 4433 admodum
688 4370 774 4434 mira
794 4372 895 4451 sunt,
918 4369 947 4433 si
968 4368 1101 4448 quaeris
1119 4369 1164 4432 od
1185 4368 1481 4449 qnosillaeliterae

328 4475 425 4539 datae
456 4475 600 4554 fuerint;
626 4492 733 4556 neque
752 4477 932 4555 praecepto
956 4474 1031 4556 open
1055 4475 1195 4538 eandem
1220 4474 1365 4539 ethicam
1389 4476 1480 4542 redo-

327 4581 408 4646 lent.
433 4580 544 4644 Huius
568 4597 698 4661 quoque
722 4581 770 4645 rei
793 4580 949 4663 expedita
973 4583 1026 4645 est
1061 4579 1311 4650 demonstratio.
