3192 5325
643 597 782 663 37*

26 755 39 779 ⁸
86 785 265 866 pararant,
287 799 394 865 neque
413 783 549 862 indigna
571 785 645 848 erat
668 800 756 847 nova
779 784 950 863 persuasio
974 800 1058 865 quae
1081 785 1239 850 heredita·

86 890 157 952 tem
182 890 309 972 adiret,
334 909 414 956 narn
437 908 501 954 usn
524 889 619 955 venit
642 889 675 954 id
699 890 785 970 quod
805 890 894 954 inter
913 891 1088 972 populares
1108 894 1240 958 nostros

86 1012 246 1060 summus
275 999 374 1061 vates
403 996 581 1078 aliquando
612 995 749 1078 cecinit,
783 995 950 1061 Judaeum
981 997 1053 1059 κατ’
1086 996 1239 1074 ἐνέργειαν

83 1102 154 1182 jam
187 1101 421 1167 Christianum
451 1119 525 1167 esse
548 1101 632 1164 κατὰ
657 1100 804 1174 elvepo:
829 1101 868 1166 dc
891 1121 958 1166 coa
986 1102 1056 1168 God
1078 1105 1241 1184 petracloa

85 1206 169 1272 Jocd
193 1210 227 1272 is
250 1208 391 1273 Kristea
414 1210 452 1273 ia
474 1208 497 1270 't
519 1209 708 1289 pericopen.

127 1313 252 1395 ltaque
283 1315 409 1379 Paulus
439 1313 637 1397 Episcopus
671 1332 756 1395 quae
786 1313 866 1379 olim
901 1315 1052 1381 israelita
1074 1318 1240 1397 praeclare

88 1420 287 1503 scripserat,
312 1421 428 1502 paucis
447 1420 647 1501 quibusdam
668 1420 860 1486 immutatis
879 1422 914 1486 in
934 1439 1034 1487 suurn
1054 1440 1155 1487 usum
1168 1440 1239 1488 con·

86 1526 202 1591 vertit.
238 1526 329 1608 Quod
363 1527 442 1591 olim
477 1528 517 1591 dc
552 1526 689 1592 Abraha
723 1528 884 1593 affirmari
926 1531 1096 1610 potuerat,
1132 1529 1240 1608 magis

87 1633 193 1698 etiam
214 1623 266 1698 'et
295 1634 498 1699 luculentius
529 1634 664 1699 valebat
696 1635 736 1700 de
771 1634 904 1714 propria
937 1634 993 1698 illa
1024 1637 1060 1700 et
1094 1635 1240 1716 perfecta

86 1739 246 1805 Abrahae
265 1739 391 1821 sobole,
410 1757 512 1821 quarn
535 1741 598 1805 sub
620 1741 701 1805 lesu
724 1756 866 1822 persona
887 1739 1115 1806 admirabatur
1137 1747 1173 1806 et
1196 1740 1239 1806 di·

84 1846 209 1924 ligabat
225 1847 260 1930 ¹).
712 1907 717 1918 .

129 1951 302 2016 Venimus
325 1952 366 2016 ad
390 1955 492 2033 caput
515 1955 684 2034 quartum.
710 1952 853 2018 Constat
875 1971 898 2017 o
918 1971 986 2018 vss
1011 1955 1136 2038 1-11,
1151 1955 1169 2019 b
1186 1973 1238 2021 ve.

90 2058 244 2123 21-31:
269 2058 391 2140 quibus
414 2059 566 2124 versibus
590 2046 810 2141 provocamur
832 2060 873 2125 ad
898 2059 1126 2125 Christianam
1147 2062 1239 2127 liber·
1289 2135 1291 2140 ,

87 2166 197 2229 tatem
221 2167 258 2229 et
281 2183 299 2228 c
320 2181 390 2229 vss.
417 2166 566 2248 12-20,
592 2166 713 2247 quibus
736 2166 848 2245 agitur
871 2166 910 2230 de
931 2167 1060 2232 ratione
1083 2170 1239 2254 quaeest

88 2271 176 2335 inter
213 2271 411 2351 scriptorem
446 2273 482 2336 et
517 2270 656 2337 lectores
688 2272 770 2336 eius.
807 2272 871 2337 Hic
900 2272 992 2337 locus
1021 2272 1057 2337 in
1074 2273 1240 2354 erpositus

87 2377 178 2442 nullo
211 2378 347 2442 vinculo
378 2395 455 2442 cum
495 2378 630 2459 reliquis
660 2378 829 2458 cohaeret,
862 2395 943 2442 nam
975 2378 1005 2442 si
1027 2378 1106 2458 quid
1129 2378 1241 2459 potuit

88 2484 221 2549 officere
252 2484 414 2548 lectorum
445 2483 630 2565 amicitiae,
664 2484 848 2564 periculum
876 2487 991 2550 tamen
1015 2484 1144 2550 nullum
1167 2486 1241 2552 erat

88 2591 128 2655 ab
151 2590 328 2672 libertate,
354 2591 489 2655 etiamsi
511 2591 587 2673 quis
609 2592 651 2654 ab
670 2607 709 2656 ea
733 2591 940 2656 descisceret.

132 2698 220 2762 Ecce
243 2700 483 2777 argumentum
506 2697 626 2778 capitis
649 2699 686 2782 4,
713 2698 839 2764 1-11:

131 2803 294 2883 Impubes
317 2802 405 2868 filius
428 2802 511 2867 nihil
534 2803 742 2884 discrepata
765 2820 879 2885 servo,
905 2805 991 2886 quod
1014 2804 1055 2871 ad
1078 2806 1240 2871 bonorum

89 2908 418 2973 administrationem
448 2910 572 2974 attinet
595 2912 775 2990 manetque
799 2911 834 2975 in
857 2910 979 2991 tutela,
1004 2910 1163 2992 quamdiu
1186 2927 1239 2991 pa·

89 3016 139 3079 ter
160 3013 305 3097 jusserit
328 3019 407 3091 (vss.
435 3016 451 3079 1
464 3035 472 3095 ;
498 3015 542 3098 2).
567 3015 696 3080 Pariter
718 3034 780 3081 nos
803 3010 908 3098 (οὕτως
935 3015 986 3078 καὶ
1013 3014 1116 3097 ἡμεῖς)
1138 3017 1240 3081 antea

90 3119 169 3199 legis
195 3121 459 3203 servieramus,
486 3120 544 3185 sed
568 3121 665 3185 Jesus
689 3139 751 3186 nos
777 3120 918 3187 redemit
941 3124 982 3186 ut
1005 3122 1240 3201 adoptaremur

90 3228 123 3289 et
145 3242 301 3291 essemus
325 3226 360 3290 in
383 3226 492 3307 patria
515 3229 691 3306 potestate.

132 3332 265 3397 Verum
298 3332 353 3396 hic
385 3331 475 3396 nulla
497 3332 645 3397 cernitur
667 3334 870 3413 comparatio
893 3349 954 3397 neo
976 3333 1067 3397 locus
1091 3335 1145 3397 est
1167 3351 1239 3399 con-

88 3428 254 3516 junctioni
283 3433 387 3515 οὕτως.
424 3436 592 3501 Sumusne
630 3436 809 3502 hberorum
841 3438 1062 3515 ingenuorum
1093 3438 1237 3519 similes,

91 3544 145 3621 qui
167 3543 346 3624 aliquando
370 3546 489 3623 sponte
514 3543 673 3624 suijuris
696 3542 804 3607 fient?
836 3542 892 3607 An
916 3560 1090 3608 servorum
1114 3543 1240 3609 similes

91 3665 226 3730 snmuS,
261 3648 318 3730 qui
345 3647 411 3712 nisi
434 3647 540 3728 pretio
564 3648 642 3713 dato
665 3665 733 3712 non
757 3647 1068 3712 manumittantur?
1102 3647 1238 3713 Sumus-

91 3770 130 3816 ne
161 3754 306 3836 deniqne
336 3753 431 3819 liberi
455 3751 627 3818 naturales
651 3770 696 3817 an
719 3752 894 3834 adoptivi?
919 3753 1058 3819 Frustra
1080 3768 1236 3834 quaeresr

91 3876 185 3925 nemo
208 3861 397 3942 respondet.

132 3965 226 4030 Deus
249 3964 358 4029 mittit
378 3964 500 4029 Filium
525 3981 627 4034 suum
651 3966 691 4028 ut
712 3963 835 4028 fiamus
854 3964 1041 4043 adoptionis
1059 3962 1239 4044 participes

93 4112 276 4126 0————-—-.

124 4208 147 4265 l)
164 4187 287 4256 Credibile
306 4208 341 4254 eat
359 4221 413 4255 eum
430 4222 464 4255 va.
484 4207 515 4254 ld
532 4208 586 4271 poet
603 4204 704 4267 σπέρμα
721 4203 801 4253 αὐτοῦ
819 4204 935 4253 addidisse
951 4204 977 4262 tc
995 4201 1034 4261 ἐςι
1052 4204 1154 4266 χριςάς·
1172 4203 1235 4252 dixe·

95 4288 125 4336 ria
139 4295 222 4354 postea
240 4290 335 4338 demam
352 4287 439 4337 bellam
457 4288 592 4353 epexegeain
611 4304 660 4337 ecee
677 4288 789 4337 additam.
810 4290 888 4351 Atque
905 4304 979 4345 nunc,
990 4286 1234 4351 postquamaxplana-

94 4371 166 4421 rimas
191 4388 237 4420 var.
265 4371 358 4429 6-25,
388 4372 473 4420 melina
498 4372 571 4420 etiam
593 4370 750 4434 intelligimur
772 4371 801 4429 2,
821 4372 864 4429 lb,
883 4371 949 4420 cuine
976 4371 1033 4419 haec
1049 4373 1085 4418 eet
1102 4370 1232 4420 cantantia:

95 4452 141 4501 Noa
165 4454 264 4503 natione
290 4454 377 4502 Judaei
398 4470 442 4501 nec
466 4457 600 4517 peccatores
622 4469 651 4500 ex
674 4452 822 4509 Gentilibus.
841 4453 876 4501 ita
892 4452 1001 4502 nonnulli
1018 4451 1232 4510 ratiocinabantur,

93 4531 139 4595 jam
163 4535 328 4600 superavimus
350 4535 426 4599 legem
451 4534 563 4598 nobisque
588 4534 682 4583 inutilia
704 4537 740 4583 eat
756 4535 813 4583 talia
829 4536 930 4597 φρουρός
946 4535 983 4585 vel
1000 4531 1173 4597 παιδαγωγός·
1191 4534 1232 4583 aad

96 4616 195 4669 aierem
212 4618 271 4683 legia
285 4633 329 4686 ope
346 4618 453 4668 Gentiles
469 4618 542 4669 etiam
559 4634 622 4667 nnnc
638 4618 733 4668 educari
749 4622 851 4684 oportet.
