3192 5325
889 576 930 642 54

334 762 395 826 Dei
419 759 516 839 σοφίο
541 763 731 845 superavit;
756 763 814 830 sed
838 763 976 829 suntin
995 763 1120 827 mundo
1139 761 1251 842 potius
1270 758 1488 841 sapienteset

332 868 468 933 indocti.
501 869 573 934 Hos
596 868 687 934 Deus
710 868 819 948 diligit
843 869 1100 951 quodammodo,
1121 886 1202 932 nam
1222 866 1407 931 delectatur
1423 863 1486 938 iis,

333 976 390 1054 qui
421 974 551 1053 gloriari
574 978 755 1055 nequeunt.
788 975 944 1040 Conferat
968 975 1044 1055 quis
1066 975 1297 1056 pneumaticos
1320 973 1426 1037 locos:
1453 971 1483 1052 1,

335 1081 484 1159 19-21;
500 1081 551 1144 25.
577 1081 606 1162 2,
629 1083 649 1144 6
673 1098 752 1144 cum
774 1080 849 1145 aliis
872 1099 1013 1161 quorum
1037 1081 1169 1145 diversa
1188 1081 1356 1146 ratioest:
1381 1076 1484 1156 1,17;

334 1186 394 1259 233
419 1187 609 1268 26-28¹);
636 1183 725 1264 30²).
751 1188 782 1268 2,
811 1189 837 1250 i.
855 1183 880 1271 ³)
904 1188 935 1269 4,
962 1190 1039 1268 53⁴)
1065 1187 1116 1252 13.
1143 1189 1173 1266 3,
1201 1186 1333 1251 18-20
1347 1183 1383 1268 ⁵).

378 1292 456 1356 Jam
487 1294 644 1373 paratum
675 1295 729 1358 est
751 1294 858 1358 dicere
881 1296 917 1358 et
940 1293 1018 1374 quid
1041 1293 1112 1373 ipse
1135 1292 1218 1358 velit
1240 1292 1364 1358 Paulus
1390 1289 1483 1371 Epis·

333 1415 436 1478 copus
455 1402 491 1463 et
513 1416 573 1462 cur
595 1400 851 1479 pneumaticum
874 1400 1116 1464 documentum
1138 1399 1210 1465 suis
1233 1397 1424 1464 inseruerit.

380 1503 551 1569 Scribebat
574 1505 616 1570 ad
639 1504 839 1588 Ecclesiam,
863 1506 899 1569 in
921 1523 988 1586 qua
1010 1506 1077 1570 fere
1099 1505 1251 1570 homines
1270 1519 1435 1585 pauperes
1447 1505 1487 1567 et
1594 1562 1595 1579 ,

333 1608 501 1691 simplices
532 1612 574 1689 (1,
608 1611 664 1695 26)
699 1611 808 1692 iisque
838 1629 897 1692 pro
927 1612 992 1676 leni
1018 1612 1184 1693 sapientia
1206 1612 1361 1693 prodesse
1384 1627 1486 1691 posse
1594 1669 1595 1682 .

333 1716 490 1796 putabat,
520 1716 605 1796 quod
634 1717 869 1796 pneumaticus
892 1717 1028 1797 quidam
1052 1717 1230 1797 scripserat
1253 1718 1295 1782 ad
1319 1732 1488 1782 commen-

331 1821 481 1885 dandum
512 1820 546 1883 τὸ
577 1821 674 1899 μωρὸν
698 1821 750 1885 καὶ
774 1821 810 1884 τὸ
833 1821 966 1892 ἀσθενές.
1012 1823 1103 1904 Quod
1122 1823 1359 1903 pneumatibus
1383 1844 1487 1899 arape-

331 1923 498 2001 δσξολογῶν
522 1928 664 2005 figurate
686 1932 722 1992 et
745 1929 969 2010 metaphorice
992 1929 1135 1994 stultum
1159 1947 1198 1994 ac
1222 1929 1325 1995 debile
1345 1927 1488 2010 appella-

331 2034 401 2112 rat,
435 2032 587 2112 quodque
617 2050 733 2098 revera
757 2051 929 2099 summam
954 2035 1155 2114 sapientiam
1179 2038 1215 2098 et
1236 2035 1309 2100 vim
1332 2034 1487 2099 divinam
1593 2021 1594 2048 ²

301 2189 304 2194 ,
333 2137 629 2221 complectebatur,
655 2140 688 2203 id
713 2140 839 2206 Paulus
856 2141 1040 2221 Episcopus
1059 2141 1190 2221 proprio
1210 2159 1312 2206 sensu
1328 2143 1489 2220 usurpat.
1592 2197 1593 2228 ,

380 2243 495 2324 Neque
525 2261 616 2309 error
638 2262 717 2310 eum
739 2246 876 2326 impulit
897 2248 938 2309 ut
961 2246 1010 2310 ita
1034 2246 1209 2327 scriberet,
1234 2247 1292 2311 sed
1317 2246 1489 2311 Pneuma-
1592 2229 1594 2316 Ϊ

333 2349 476 2413 ticorum
499 2367 594 2414 arma
616 2351 652 2414 in
675 2352 767 2432 ipsos
790 2355 984 2416 convertere
1008 2350 1130 2434 voluit,
1153 2354 1193 2416 ut
1210 2369 1267 2417 eos
1289 2353 1489 2433 perduceret
1593 2385 1594 2434 φ

333 2454 375 2519 ad
409 2455 598 2537 ecclesiam,
636 2474 738 2537 quarn
772 2458 841 2522 alto
876 2457 1050 2538 supercilio
1086 2459 1356 2524 contemnebant.
1393 2459 1489 2538 Quod
1593 2449 1594 2504 l

333 2558 539 2629 θεοδοδοέκσουο
570 2579 606 2627 se
637 2580 711 2628 esse
742 2565 914 2647 sentiunt,
948 2563 1113 2629 collaudat
1135 2581 1191 2629 eos
1214 2580 1321 2645 neque
1345 2565 1416 2646 ipse
1441 2566 1486 2630 ab
1592 2556 1593 2577 ¹

332 2667 393 2733 tali
416 2669 570 2750 opinione
594 2671 723 2737 alienus
746 2675 817 2752 est,
843 2688 909 2752 qua
933 2671 1043 2736 omnis
1065 2671 1256 2750 arrogantia
1274 2674 1310 2735 et
1330 2674 1490 2753 superbia
1592 2700 1593 2725 ÷

333 2771 468 2853 penitus
500 2775 705 2859 excluditur,
729 2777 787 2841 sed
811 2776 893 2841 dum
915 2777 1146 2857 unusquisque
1170 2776 1233 2841 sibi
1257 2777 1318 2843 soli
1341 2777 1490 2843 consulit

332 2894 440 2959 neque
474 2896 510 2944 se
544 2881 586 2945 ad
620 2882 701 2947 alios
732 2881 893 2966 applicat,
926 2882 1073 2948 multum
1105 2882 1229 2947 metuit
1259 2899 1302 2947 ne
1333 2882 1399 2963 ipsi
1421 2884 1490 2949 sibi

332 3001 375 3050 ex
394 2985 585 3050 animorum
605 2987 841 3062 dissociatione
865 2989 1043 3053 interitum
1065 2991 1192 3068 parent.
1219 2988 1394 3053 Adversus
1417 2988 1488 3055 illo-

332 3107 410 3154 rum
442 3094 567 3165 σνεῠμο
600 3092 723 3158 bellum
754 3111 821 3159 non
852 3097 961 3176 geret,
993 3095 1172 3159 dummodo
1196 3094 1363 3174 accipiant
1385 3092 1488 3171 κύριον

332 3197 447 3269 Ἰησοῦν
480 3198 619 3279 ejusque
655 3200 942 3281 communionem,
980 3201 1020 3264 ut
1050 3200 1188 3265 tandem
1220 3200 1418 3279 perveniant
1443 3202 1489 3267 ad

336 3391 539 3403 ,————-...

370 3527 397 3591 1)
415 3527 462 3574 Res
478 3525 604 3574 conficitur
620 3523 740 3573 locutione
757 3520 785 3571 οὐ
803 3520 895 3571 πολλοὶ
912 3521 992 3584 σοφοί.
1011 3521 1061 3571 Hic
1077 3522 1180 3586 scriptor
1197 3524 1292 3570 excusat
1309 3522 1489 3585 quodammodo

335 3608 447 3673 exiguum
467 3607 533 3656 inter
555 3605 635 3655 fideles
658 3609 739 3667 σοφῶν
756 3620 890 3654 numerum.
909 3605 1042 3653 Secundum
1059 3604 1237 3669 pneumaticum
1255 3604 1396 3670 scriptorem
1413 3619 1488 3653 nemo

335 3692 406 3757 plene
424 3690 532 3739 mortalis
550 3691 633 3750 σοφός.

369 3774 397 3838 2)
425 3772 480 3821 Hoc
505 3786 599 3835 quoque
624 3772 692 3819 nota:
722 3768 800 3830 σσφίοι
821 3768 861 3817 hic
883 3768 953 3817 solito
977 3783 1044 3817 more
1067 3770 1198 3833 usurpetur
1216 3770 1240 3816 et
1257 3768 1410 3833 componitur
1428 3784 1490 3819 cum

333 3853 538 3917 justitian-virtus
555 3857 591 3901 est
608 3867 680 3917 quem
696 3852 766 3900 Jssus
783 3851 871 3900 docuit.

370 3939 397 4002 8)
415 3936 626 3985 Pneumnticornm
641 3934 731 3995 σοφία,
747 3934 796 3982 sive
811 3935 857 3981 τοῦ
872 3934 967 3995 κόσμον
976 3933 1080 3982 siverat
1091 3932 1157 3992 deod,
1167 3933 1259 3983 nullam
1269 3933 1336 3983 norit
1345 3930 1488 3997 ὑπεροχήν,

336 4017 695 4085 sedcsp.2,1rodloeidem
711 4022 747 4066 eet
764 4017 814 4065 fere
831 4017 894 4081 quod
911 4016 1020 4065 doctrine
1037 4019 1072 4065 est
1089 4020 1114 4065 et
1132 4020 1257 4065 excusatur
1274 4033 1359 4081 magne
1367 4018 1489 4081 evangelii
1515 3997 1520 4011 ”
1593 4060 1594 4095 3

336 4101 483 4167 simplicitas.
1345 4147 1347 4151 .

361 4187 387 4244 4)
405 4185 461 4232 Non
488 4184 586 4242 πνεῦμα
611 4185 647 4231 est
672 4183 735 4245 quod
761 4181 882 4230 examinat
904 4183 929 4229 et
946 4181 1014 4230 docet
1031 4176 1055 4229 ἐν
1076 4181 1196 4238 τελείοις,
1213 4182 1254 4231 sed
1271 4181 1337 4230 venit
1353 4180 1489 4247 Episcopus

337 4266 427 4315 Paulus
453 4262 479 4313 ir
497 4262 623 4328 ἀποδείξει
638 4261 781 4324 πνεύματος
799 4261 843 4311 καὶ
860 4260 985 4323 δυνάμεως
1002 4276 1101 4327 eamque
1123 4260 1225 4323 δύναμιν
1245 4265 1292 4312 τοῦ
1313 4260 1366 4311 θεοῦ
1383 4264 1489 4327 opponit

337 4347 414 4412 σοφίᾳ
434 4344 566 4407 ἀνθρώπων.

363 4429 392 4493 t)
410 4429 548 4478 Christiana
569 4444 652 4477 manns
668 4428 776 4493 scripsit:
796 4428 837 4474 ‘lua
854 4423 959 4488 γένηται
978 4428 1061 4489 σοφός.
1078 4428 1247 4477 Pneumaticus
1265 4442 1303 4476 res
1319 4426 1456 4477 considerat
1474 4447 1489 4479 a

336 4514 404 4576 perte
427 4511 472 4559 Dei
488 4527 531 4559 nec
547 4514 616 4559 curet
632 4511 750 4575 quomodo
768 4508 857 4572 singuli
877 4508 984 4557 homines
1000 4509 1118 4573 sepientes
1135 4511 1199 4557 dant.
1218 4510 1316 4558 Mutata
1334 4507 1405 4559 verbe
1422 4508 1488 4573 (πα-

336 4592 436 4657 νουργία
445 4608 478 4642 vs.
487 4593 530 4657 le)
540 4597 564 4641 et
573 4595 623 4641 τῶν
638 4595 720 4653 σοφῶν
734 4608 767 4640 rs.
776 4591 809 4640 20
817 4589 973 4655 cogitationes
981 4594 1074 4640 nostres
1084 4590 1153 4656 longe
1163 4590 1341 4656 epnenmeticis
1349 4596 1484 4643 removent.
