3192 5325
927 531 991 595 234

380 707 447 776 eim
474 711 575 792 juxta
605 711 727 776 Filium
753 711 910 778 Hominis
941 713 977 776 in
1001 713 1079 779 sede
1103 714 1294 796 majestatis
1315 730 1396 779 suae
1420 715 1515 780 seden-

379 820 466 894 tem,
490 818 679 900 judicantes
701 819 875 885 duodecim
900 819 1010 885 tribus
1036 816 1191 898 'Israel1).

424 922 487 988 Sed
515 925 587 1006 jam
621 925 879 992 obnubilabatur
917 927 1047 991 coelum
1081 930 1116 992 et
1147 927 1392 1009 perspiciebant
1417 946 1516 994 omnes

379 1045 527 1111 pugnam
547 1031 774 1097 inevitabilem
795 1032 874 1098 sore.
900 1032 969 1112 Quo
990 1033 1101 1098 maius
1124 1037 1198 1099 erat
1220 1034 1386 1100 libertatis
1408 1035 1514 1116 pericu·

378 1135 449 1201 lum
479 1153 522 1202 ex
552 1137 726 1203 intestinis
758 1138 1040 1222 dissensionibus,
1078 1158 1160 1221 quas
1185 1141 1330 1206 Romani
1355 1141 1511 1222 fovebant,

378 1259 417 1307 eo
450 1244 557 1323 magis
587 1245 754 1311 adventus
788 1249 841 1308 τοῦ
877 1243 1040 1324 ἐρχομένου
1064 1247 1222 1312 conlundi
1246 1249 1357 1330 coepit
1379 1265 1452 1313 cum
1471 1264 1512 1310 er·

378 1352 487 1416 tremo
511 1351 649 1433 proelio,
675 1353 804 1434 quode
828 1370 962 1418 summa
986 1371 1098 1418 rerum
1118 1352 1293 1435 aliquando
1306 1353 1511 1420 dimicandum

378 1457 472 1523 foret.
497 1459 603 1524 Erant
625 1459 807 1540 prophetae
830 1459 887 1541 qui
910 1459 953 1524 ad
975 1459 1136 1525 Ieremiae
1156 1459 1510 1552 exemplumyamissam

377 1563 568 1630 libertatem
601 1565 714 1630 animo
750 1566 998 1647 praecipiebant
1028 1583 1068 1632 ea
1099 1583 1158 1646 spe
1185 1570 1227 1632 ut
1250 1567 1455 1632 excellentior
1474 1565 1509 1630 ls-

377 1671 445 1736 rael
474 1688 518 1735 er
548 1672 808 1752 conflagratione
839 1676 1079 1738 renasceretur.
1105 1673 1183 1738 Jam
1207 1676 1280 1738 erat
1303 1691 1392 1739 unus
1413 1688 1509 1738 eomn

378 1778 434 1858 qui
461 1779 689 1856 augurabatur
720 1779 789 1844 fore
820 1782 861 1843 ut
892 1779 986 1844 brevi
1016 1780 1203 1844 concideret
1234 1781 1413 1863 templum,
1437 1777 1507 1860 quod

377 1883 525 1950 Herodes
550 1885 692 1964 Magnus
715 1885 961 1950 exaedificaret.
991 1885 1325 1964 Magnificentissima
1349 1888 1460 1952 dornus
1478 1885 1509 1948 de

377 2006 443 2070 qua
464 1991 613 2072 loquitur
636 1992 829 2056 Matthaeus
855 1993 914 2076 24,
944 1994 959 2056 1
986 2010 1074 2057 anno
1099 1992 1235 2058 demum
1255 1993 1298 2056 et
1319 1996 1396 2074 post
1414 2009 1509 2057 aeram

377 2100 529 2162 nostram
552 2098 698 2178 porrecta
722 2097 804 2178 fuit,
829 2097 989 2163 vicesimo
1012 2115 1100 2163 anno
1123 2101 1199 2179 post
1223 2101 1368 2163 mortem
1388 2096 1509 2162 Herodis

377 2202 561 2286 Agrippae,
595 2203 652 2285 qui
683 2204 814 2285 primus
844 2206 921 2285 post
951 2222 1056 2269 avum
1088 2203 1241 2285 idemque
1264 2207 1452 2285 postremus
1472 2206 1509 2266 to·

376 2310 450 2374 tam
481 2309 709 2376 Palaestinam
732 2310 768 2374 in
794 2328 857 2375 sua
879 2312 1048 2392 potestate
1072 2328 1111 2374 ao
1134 2310 1260 2374 ditione
1283 2313 1445 2376 tenuerat.
1467 2309 1508 2372 Ab

376 2413 440 2479 hoc
470 2415 547 2480 inde
570 2419 720 2497 tempore
743 2433 797 2480 res
822 2433 954 2497 semper
977 2417 1013 2480 in
1037 2417 1132 2498 peius
1155 2417 1298 2482 ruebant
1322 2435 1384 2482 nec
1403 2417 1509 2481 mirum

376 2521 561 2602 Agrippam
590 2523 753 2588 Minorem
773 2522 915 2588 fideliter
939 2539 1070 2602 semper
1094 2523 1231 2588 stetisse
1254 2525 1440 2605 apartibus
1459 2523 1507 2586 Ro-

380 2644 568 2694 manorum.
594 2629 684 2695 Nihil
708 2632 780 2697 erat
799 2630 887 2711 quod
906 2629 1068 2711 propheta
1087 2632 1236 2712 speraret
1258 2633 1391 2713 praeter
1403 2627 1506 2695 Christ

375 2733 482 2798 αἰῶνα.
519 2736 647 2801 Domus
682 2737 786 2820 illiue,
823 2738 871 2802 sic
903 2737 995 2802 enim
1025 2738 1185 2820 canebat,
1222 2755 1289 2802 non
1321 2739 1507 2818 relinquetur
1566 2742 1567 2779 ³

375 2842 461 2924 lapis
493 2861 592 2925 super
622 2844 785 2925 lapidem,
820 2844 876 2925 qui
904 2862 972 2909 non
996 2841 1238 2922 destruaturb.
1261 2845 1421 2909 Audituri
1441 2842 1507 2909 estis

374 2949 498 3030 praelia
522 2954 557 3015 et
581 2951 753 3033 opiniones
781 2951 998 3032 praeliorum,
1024 2967 1135 3015 novus
1158 2951 1199 3015 ab
1224 2950 1354 3029 integro
1378 2950 1507 3015 nascitur

374 3058 470 3138 ordo;
503 3060 682 3137 consurget
717 3059 808 3123 enim
841 3074 922 3135 gens
956 3056 992 3120 111
1016 3059 1152 3135 gentem
1175 3060 1211 3121 et
1234 3072 1377 3136 regnum
1401 3057 1434 3120 in
1454 3070 1506 3131 reg·

375 3181 460 3230 num
489 3168 524 3229 61
554 3168 655 3230 erunt
681 3165 893 3245 pestilentiae
925 3166 960 3228 et
991 3163 1098 3229 sames
1130 3166 1165 3228 et
1196 3166 1308 3229 terrae
1333 3167 1443 3228 motus
1463 3176 1507 3242 per

374 3272 455 3336 loca.
479 3272 524 3337 Et
549 3272 648 3337 multi
671 3271 992 3353 pseudoprophetae,
1018 3270 1277 3351 pseudochristi,
1292 3272 1438 3349 surgent.
1451 3267 1507 3333 Erit
1564 3356 1565 3361 ἵ

375 3381 459 3443 tuno
489 3379 661 3444 tribulatio
689 3395 826 3460 magna,
853 3376 961 3458 qualis
985 3393 1052 3441 non
1077 3376 1142 3439 fuit
1166 3378 1208 3441 ab
1232 3376 1329 3441 initio
1353 3375 1463 3441 mundi
1480 3375 1506 3436 et
1564 3376 1565 3405 ²

375 3484 440 3553 nisi
463 3484 606 3549 breviati
629 3486 773 3549 fuissent
797 3484 868 3548 dies
892 3483 956 3566 illi,
983 3500 1050 3547 non
1074 3481 1169 3546 fieret
1193 3481 1287 3546 salva
1311 3482 1419 3547 omnis
1437 3496 1504 3545 caro.

374 3590 621 3656 Pseudochristi
653 3592 780 3656 dabunt
814 3590 923 3671 signa,
957 3590 1006 3654 ita
1035 3592 1074 3654 ut
1098 3588 1133 3652 111
1157 3606 1301 3654 errorem
1324 3589 1506 3654 inducantur

374 3698 480 3763 etiam
498 3697 605 3762 electi.
628 3694 662 3760 Si
682 3697 828 3761 dixerint
848 3697 943 3761 vobis
964 3696 1047 3759 Ecce
1067 3696 1103 3760 in
1124 3696 1255 3760 deserto
1275 3698 1330 3760 est
1349 3695 1505 3773 (lohannes
1563 3692 1564 3707 ³

374 3803 531 3885 Baptista
539 3802 570 3887 l)
585 3804 617 3884 ³),
650 3802 751 3867 nolite
782 3802 890 3882 exire,
920 3818 994 3867 ecce
1027 3802 1062 3865 in
1094 3801 1322 3882 penetralibus
1353 3804 1505 3880 (tanquan

375 3910 528 3992 sapiens),
554 3908 657 3975 nolite
685 3908 825 3974 credere.
857 3945 888 3955 -
922 3909 1074 3988 Repente
1096 3906 1207 3986 fulgur
1231 3906 1303 3972 61111
1327 3908 1368 3972 ab
1390 3905 1504 3970 Oriente
1562 3982 1563 3987 ἵ

374 4019 409 4080 61
437 4018 532 4096 paret
564 4033 671 4096 usque
702 4015 737 4079 in
772 4015 1001 4080 Occidentem:
1037 4013 1086 4079 ita
1122 4014 1186 4077 erit
1218 4016 1253 4078 et
1277 4014 1439 4078 adventus
1457 4006 1504 4073 filil

373 4122 528 4188 hominis.
561 4122 616 4187 Sol
647 4124 861 4204 obscuratur;
900 4120 1014 4187 stellae
1039 4121 1162 4186 cadunt
1186 4120 1225 4185 de
1249 4120 1355 4201 caelo;
1379 4118 1504 4184 virtutes

412 4408 437 4468 1)
455 4407 546 4456 March.
567 4408 607 4458 19.
625 4409 668 4458 28.

410 4489 439 4554 2)
457 4488 549 4547 nauh.
568 4490 611 4548 24,
628 4491 643 4537 1
660 4505 711 4553 sqq.

411 4573 439 4638 8)
457 4571 548 4621 nach.
566 4572 608 4630 24,
627 4571 659 4619 26
676 4586 711 4636 sq.
