<?xml version="1.0" encoding="UTF-8"?>
<!DOCTYPE html PUBLIC "-//W3C//DTD XHTML 1.0 Transitional//EN"
    "http://www.w3.org/TR/xhtml1/DTD/xhtml1-transitional.dtd">
<html xmlns="http://www.w3.org/1999/xhtml" xml:lang="en" lang="en">
 <head>
  <title>
</title>
<meta http-equiv="Content-Type" content="text/html;charset=utf-8" />
  <meta name='ocr-system' content='tesseract 3.04.00' />
  <meta name='ocr-capabilities' content='ocr_page ocr_carea ocr_par ocr_line ocrx_word'/>
</head>
<body>
  <div class='ocr_page' id='page_1' title='image "./verisimilialace00nabegoog_0055.png"; bbox 0 0 3192 5325; ppageno 0'>
   <div class='ocr_carea' id='block_1_1' title="bbox 644 518 684 584">
    <p class='ocr_par' dir='ltr' id='par_1_1' title="bbox 644 518 684 584">
     <span class='ocr_line' id='line_1_1' title="bbox 644 518 684 584; baseline 0.025 -1"><span class='ocrx_word' id='word_1_1' title='bbox 644 518 684 584; x_wconf 88' lang='lat'><strong>31</strong></span> 
     </span>
    </p>
   </div>
   <div class='ocr_carea' id='block_1_2' title="bbox 32 699 1315 4292">
    <p class='ocr_par' dir='ltr' id='par_1_2' title="bbox 32 698 1236 786">
     <span class='ocr_line' id='line_1_2' title="bbox 96 699 1236 786; baseline 0.006 -20.628"><span class='ocrx_word' id='word_1_2' title='bbox 96 700 316 786; x_wconf 77' lang='lat' dir='ltr'><strong>Christianos,</strong></span> <span class='ocrx_word' id='word_1_3' title='bbox 354 703 412 767; x_wconf 91' lang='lat' dir='ltr'><strong>sed</strong></span> <span class='ocrx_word' id='word_1_4' title='bbox 445 718 499 767; x_wconf 90' lang='lat' dir='ltr'><strong>res</strong></span> <span class='ocrx_word' id='word_1_5' title='bbox 532 702 643 781; x_wconf 76' lang='lat' dir='ltr'><strong>agitur</strong></span> <span class='ocrx_word' id='word_1_6' title='bbox 675 700 765 766; x_wconf 90' lang='lat' dir='ltr'><strong>inter</strong></span> <span class='ocrx_word' id='word_1_7' title='bbox 799 699 943 767; x_wconf 85' lang='lat' dir='ltr'><strong>Judaeos</strong></span> <span class='ocrx_word' id='word_1_8' title='bbox 978 701 1035 783; x_wconf 86' lang='lat' dir='ltr'><strong>qui</strong></span> <span class='ocrx_word' id='word_1_9' title='bbox 1065 700 1236 772; x_wconf 71' lang='grc' dir='ltr'><strong><em>Ἰουδαϊκῶς</em></strong></span> 
     </span>
    </p>

    <p class='ocr_par' dir='ltr' id='par_1_3' title="bbox 32 807 1315 1528">
     <span class='ocr_line' id='line_1_3' title="bbox 32 807 1240 890; baseline 0.001 -18"><span class='ocrx_word' id='word_1_10' title='bbox 32 826 33 829; x_wconf 65' lang='grc'>’</span> <span class='ocrx_word' id='word_1_11' title='bbox 93 808 238 890; x_wconf 89' lang='lat' dir='ltr'><strong>aliosque</strong></span> <span class='ocrx_word' id='word_1_12' title='bbox 266 808 465 890; x_wconf 69' lang='grc'><strong>1111111111</strong></span> <span class='ocrx_word' id='word_1_13' title='bbox 489 808 661 873; x_wconf 83' lang='lat' dir='ltr'><strong>vivebant.</strong></span> <span class='ocrx_word' id='word_1_14' title='bbox 686 807 817 889; x_wconf 79' lang='lat' dir='ltr'><strong>Cephae</strong></span> <span class='ocrx_word' id='word_1_15' title='bbox 839 808 1051 874; x_wconf 82' lang='lat' dir='ltr'><strong>adversarius</strong></span> <span class='ocrx_word' id='word_1_16' title='bbox 1076 812 1149 874; x_wconf 89' lang='lat' dir='ltr'><strong>tam</strong></span> <span class='ocrx_word' id='word_1_17' title='bbox 1172 825 1240 889; x_wconf 91' lang='lat' dir='ltr'><strong>per-</strong></span> 
     </span>
     <span class='ocr_line' id='line_1_4' title="bbox 94 912 1240 997; baseline 0.003 -20"><span class='ocrx_word' id='word_1_18' title='bbox 94 914 206 994; x_wconf 89' lang='lat' dir='ltr'><strong>spicue</strong></span> <span class='ocrx_word' id='word_1_19' title='bbox 229 919 270 981; x_wconf 94' lang='lat' dir='ltr'><strong>ut</strong></span> <span class='ocrx_word' id='word_1_20' title='bbox 293 915 401 995; x_wconf 87' lang='lat' dir='ltr'><strong>magis</strong></span> <span class='ocrx_word' id='word_1_21' title='bbox 424 933 490 981; x_wconf 93' lang='lat' dir='ltr'><strong>non</strong></span> <span class='ocrx_word' id='word_1_22' title='bbox 514 914 638 997; x_wconf 79' lang='lat' dir='ltr'>possit:</span> <span class='ocrx_word' id='word_1_23' title='bbox 664 913 689 976; x_wconf 74' lang='grc'><strong>11</strong></span> <span class='ocrx_word' id='word_1_24' title='bbox 714 913 751 976; x_wconf 81' lang='grc' dir='ltr'><strong>σὺ</strong></span> <span class='ocrx_word' id='word_1_25' title='bbox 777 913 919 983; x_wconf 74' lang='grc' dir='ltr'><strong>Ἰουδαῖος</strong></span> <span class='ocrx_word' id='word_1_26' title='bbox 941 912 1089 993; x_wconf 71' lang='grc' dir='ltr'><em>ὑπάρχων</em></span> <span class='ocrx_word' id='word_1_27' title='bbox 1109 916 1145 979; x_wconf 93' lang='lat' dir='ltr'><strong>et</strong></span> <span class='ocrx_word' id='word_1_28' title='bbox 1157 931 1240 996; x_wconf 86' lang='lat' dir='ltr'><strong>quos</strong></span> 
     </span>
     <span class='ocr_line' id='line_1_5' title="bbox 94 1017 1315 1104; baseline 0.002 -20"><span class='ocrx_word' id='word_1_29' title='bbox 94 1018 221 1102; x_wconf 79' lang='lat' dir='ltr'><strong>cephas</strong></span> <span class='ocrx_word' id='word_1_30' title='bbox 245 1039 359 1101; x_wconf 89' lang='lat' dir='ltr'><strong>cogere</strong></span> <span class='ocrx_word' id='word_1_31' title='bbox 381 1021 473 1104; x_wconf 88' lang='lat' dir='ltr'><strong>vult,</strong></span> <span class='ocrx_word' id='word_1_32' title='bbox 498 1021 641 1101; x_wconf 87' lang='lat' dir='ltr'><strong>gentiles</strong></span> <span class='ocrx_word' id='word_1_33' title='bbox 661 1023 760 1095; x_wconf 87' lang='lat' dir='ltr'><strong>sunt,</strong></span> <span class='ocrx_word' id='word_1_34' title='bbox 781 1019 824 1082; x_wconf 74' lang='lat' dir='ltr'><strong>rol</strong></span> <span class='ocrx_word' id='word_1_35' title='bbox 845 1017 920 1092; x_wconf 63' lang='lat' dir='ltr'><strong>aba</strong></span> <span class='ocrx_word' id='word_1_36' title='bbox 943 1021 1083 1103; x_wconf 89' lang='lat' dir='ltr'><strong>Propter</strong></span> <span class='ocrx_word' id='word_1_37' title='bbox 1094 1021 1239 1088; x_wconf 85' lang='lat' dir='ltr'><strong>similem</strong></span> <span class='ocrx_word' id='word_1_38' title='bbox 1313 1033 1315 1038; x_wconf 84' lang='grc'><strong>’</strong></span> 
     </span>
     <span class='ocr_line' id='line_1_6' title="bbox 95 1127 1239 1208; baseline 0.003 -18"><span class='ocrx_word' id='word_1_39' title='bbox 95 1143 233 1192; x_wconf 88' lang='lat' dir='ltr'><strong>causam</strong></span> <span class='ocrx_word' id='word_1_40' title='bbox 256 1131 372 1208; x_wconf 88' lang='lat' dir='ltr'><strong>postea</strong></span> <span class='ocrx_word' id='word_1_41' title='bbox 394 1129 470 1194; x_wconf 85' lang='lat' dir='ltr'><strong>lites</strong></span> <span class='ocrx_word' id='word_1_42' title='bbox 493 1131 585 1193; x_wconf 89' lang='lat' dir='ltr'><strong>ortae</strong></span> <span class='ocrx_word' id='word_1_43' title='bbox 610 1130 693 1196; x_wconf 89' lang='lat' dir='ltr'><strong>sunt</strong></span> <span class='ocrx_word' id='word_1_44' title='bbox 716 1127 805 1192; x_wconf 90' lang='lat' dir='ltr'><strong>inter</strong></span> <span class='ocrx_word' id='word_1_45' title='bbox 829 1127 1037 1194; x_wconf 80' lang='lat' dir='ltr'><strong>Christianos</strong></span> <span class='ocrx_word' id='word_1_46' title='bbox 1048 1144 1093 1193; x_wconf 84' lang='lat' dir='ltr'><strong>ex</strong></span> <span class='ocrx_word' id='word_1_47' title='bbox 1103 1128 1239 1194; x_wconf 87' lang='lat' dir='ltr'><strong>Judaeis</strong></span> 
     </span>
     <span class='ocr_line' id='line_1_7' title="bbox 93 1232 1240 1314; baseline 0.001 -18"><span class='ocrx_word' id='word_1_48' title='bbox 93 1235 126 1296; x_wconf 91' lang='lat' dir='ltr'><strong>et</strong></span> <span class='ocrx_word' id='word_1_49' title='bbox 148 1232 359 1300; x_wconf 77' lang='lat' dir='ltr'>Christianos</span> <span class='ocrx_word' id='word_1_50' title='bbox 382 1252 425 1300; x_wconf 83' lang='lat' dir='ltr'><strong>ex</strong></span> <span class='ocrx_word' id='word_1_51' title='bbox 447 1233 627 1314; x_wconf 84' lang='lat' dir='ltr'><strong>gentilibus</strong></span> <span class='ocrx_word' id='word_1_52' title='bbox 652 1236 754 1314; x_wconf 87' lang='lat' dir='ltr'><strong>atque</strong></span> <span class='ocrx_word' id='word_1_53' title='bbox 778 1235 861 1298; x_wconf 90' lang='lat' dir='ltr'><strong>tunc</strong></span> <span class='ocrx_word' id='word_1_54' title='bbox 880 1233 1016 1299; x_wconf 91' lang='lat' dir='ltr'><strong>demum</strong></span> <span class='ocrx_word' id='word_1_55' title='bbox 1035 1233 1090 1300; x_wconf 87' lang='lat' dir='ltr'><strong>illa</strong></span> <span class='ocrx_word' id='word_1_56' title='bbox 1110 1233 1240 1307; x_wconf 68' lang='lat' dir='ltr'><strong>dudleia</strong></span> 
     </span>
     <span class='ocr_line' id='line_1_8' title="bbox 93 1339 1241 1423; baseline 0.004 -22"><span class='ocrx_word' id='word_1_57' title='bbox 93 1355 142 1403; x_wconf 82' lang='lat' dir='ltr'><strong>vs·</strong></span> <span class='ocrx_word' id='word_1_58' title='bbox 167 1340 211 1405; x_wconf 90' lang='lat'><strong>14</strong></span> <span class='ocrx_word' id='word_1_59' title='bbox 245 1341 334 1406; x_wconf 65' lang='lat' dir='ltr'><strong>facta</strong></span> <span class='ocrx_word' id='word_1_60' title='bbox 357 1341 562 1413; x_wconf 68' lang='grc' dir='ltr'><strong>118ῢᾶ111111</strong></span> <span class='ocrx_word' id='word_1_61' title='bbox 587 1342 640 1402; x_wconf 81' lang='grc' dir='ltr'><strong>τοῦ</strong></span> <span class='ocrx_word' id='word_1_62' title='bbox 666 1339 873 1416; x_wconf 70' lang='grc' dir='ltr'><strong>εὐαγγελίου,</strong></span> <span class='ocrx_word' id='word_1_63' title='bbox 898 1340 957 1404; x_wconf 78' lang='lat' dir='ltr'><strong>sed</strong></span> <span class='ocrx_word' id='word_1_64' title='bbox 979 1341 1071 1406; x_wconf 82' lang='lat' dir='ltr'><strong>illam</strong></span> <span class='ocrx_word' id='word_1_65' title='bbox 1093 1341 1241 1423; x_wconf 83' lang='lat' dir='ltr'><strong>disputa·</strong></span> 
     </span>
     <span class='ocr_line' id='line_1_9' title="bbox 93 1443 815 1528; baseline 0.006 -21"><span class='ocrx_word' id='word_1_66' title='bbox 93 1443 221 1511; x_wconf 90' lang='lat' dir='ltr'><strong>tionem</strong></span> <span class='ocrx_word' id='word_1_67' title='bbox 241 1447 280 1511; x_wconf 91' lang='lat' dir='ltr'><strong>de</strong></span> <span class='ocrx_word' id='word_1_68' title='bbox 304 1464 386 1512; x_wconf 87' lang='lat' dir='ltr'><strong>vera</strong></span> <span class='ocrx_word' id='word_1_69' title='bbox 409 1447 474 1512; x_wconf 90' lang='lat' dir='ltr'><strong>fide</strong></span> <span class='ocrx_word' id='word_1_70' title='bbox 496 1449 574 1528; x_wconf 92' lang='lat' dir='ltr'><strong>post</strong></span> <span class='ocrx_word' id='word_1_71' title='bbox 596 1445 815 1525; x_wconf 76' lang='lat' dir='ltr'><strong>attingemus.</strong></span> 
     </span>
    </p>

    <p class='ocr_par' dir='ltr' id='par_1_4' title="bbox 92 1552 1242 2376">
     <span class='ocr_line' id='line_1_10' title="bbox 135 1552 1242 1635; baseline 0.001 -18"><span class='ocrx_word' id='word_1_72' title='bbox 135 1552 215 1618; x_wconf 90' lang='lat' dir='ltr'><strong>Jam</strong></span> <span class='ocrx_word' id='word_1_73' title='bbox 246 1553 385 1618; x_wconf 91' lang='lat' dir='ltr'><strong>minime</strong></span> <span class='ocrx_word' id='word_1_74' title='bbox 416 1553 605 1619; x_wconf 89' lang='lat' dir='ltr'><strong>mirandum</strong></span> <span class='ocrx_word' id='word_1_75' title='bbox 635 1553 743 1635; x_wconf 79' lang='grc'><strong>112,</strong></span> <span class='ocrx_word' id='word_1_76' title='bbox 772 1552 814 1618; x_wconf 84' lang='lat'><strong>14</strong></span> <span class='ocrx_word' id='word_1_77' title='bbox 836 1553 940 1620; x_wconf 90' lang='lat' dir='ltr'><strong>finem</strong></span> <span class='ocrx_word' id='word_1_78' title='bbox 962 1569 1036 1620; x_wconf 87' lang='lat' dir='ltr'><strong>esse</strong></span> <span class='ocrx_word' id='word_1_79' title='bbox 1058 1553 1242 1633; x_wconf 80' lang='lat' dir='ltr'><strong>fragmenti</strong></span> 
     </span>
     <span class='ocr_line' id='line_1_11' title="bbox 93 1643 1240 1740; baseline 0.002 -18"><span class='ocrx_word' id='word_1_80' title='bbox 93 1657 258 1740; x_wconf 82' lang='lat' dir='ltr'><strong>historici,</strong></span> <span class='ocrx_word' id='word_1_81' title='bbox 291 1677 373 1725; x_wconf 91' lang='lat' dir='ltr'><strong>nam</strong></span> <span class='ocrx_word' id='word_1_82' title='bbox 401 1662 455 1724; x_wconf 89' lang='lat' dir='ltr'><strong>est</strong></span> <span class='ocrx_word' id='word_1_83' title='bbox 477 1660 559 1724; x_wconf 87' lang='lat' dir='ltr'><strong>haec</strong></span> <span class='ocrx_word' id='word_1_84' title='bbox 582 1658 820 1740; x_wconf 77' lang='lat' dir='ltr'><strong>disputationis</strong></span> <span class='ocrx_word' id='word_1_85' title='bbox 844 1643 1008 1726; x_wconf 82' lang='lat' dir='ltr'><strong>conclusio</strong></span> <span class='ocrx_word' id='word_1_86' title='bbox 1032 1662 1068 1725; x_wconf 93' lang='lat' dir='ltr'><strong>et</strong></span> <span class='ocrx_word' id='word_1_87' title='bbox 1091 1675 1240 1740; x_wconf 85' lang='lat' dir='ltr'><strong>praecep·</strong></span> 
     </span>
     <span class='ocr_line' id='line_1_12' title="bbox 92 1751 1240 1846; baseline 0 -16"><span class='ocrx_word' id='word_1_88' title='bbox 92 1765 167 1830; x_wconf 87' lang='lat' dir='ltr'><strong>tum</strong></span> <span class='ocrx_word' id='word_1_89' title='bbox 189 1766 344 1845; x_wconf 89' lang='lat' dir='ltr'><strong>generale</strong></span> <span class='ocrx_word' id='word_1_90' title='bbox 366 1766 419 1832; x_wconf 92' lang='lat' dir='ltr'><strong>his</strong></span> <span class='ocrx_word' id='word_1_91' title='bbox 441 1765 553 1831; x_wconf 86' lang='lat' dir='ltr'><strong>verbis</strong></span> <span class='ocrx_word' id='word_1_92' title='bbox 576 1763 784 1840; x_wconf 89' lang='lat' dir='ltr'><strong>continetur,</strong></span> <span class='ocrx_word' id='word_1_93' title='bbox 810 1765 896 1846; x_wconf 90' lang='lat' dir='ltr'><strong>quod</strong></span> <span class='ocrx_word' id='word_1_94' title='bbox 914 1768 1016 1831; x_wconf 91' lang='lat' dir='ltr'><strong>utne</strong></span> <span class='ocrx_word' id='word_1_95' title='bbox 1035 1751 1240 1831; x_wconf 76' lang='lat' dir='ltr'><strong>animadver-</strong></span> 
     </span>
     <span class='ocr_line' id='line_1_13' title="bbox 92 1869 1241 1953; baseline 0.002 -19"><span class='ocrx_word' id='word_1_96' title='bbox 92 1871 288 1944; x_wconf 78' lang='lat' dir='ltr'><strong>teretur,in</strong></span> <span class='ocrx_word' id='word_1_97' title='bbox 310 1889 412 1938; x_wconf 88' lang='lat' dir='ltr'><strong>causa</strong></span> <span class='ocrx_word' id='word_1_98' title='bbox 433 1872 499 1937; x_wconf 87' lang='lat' dir='ltr'><strong>fuit</strong></span> <span class='ocrx_word' id='word_1_99' title='bbox 516 1887 700 1953; x_wconf 82' lang='lat' dir='ltr'><strong>pronomen</strong></span> <span class='ocrx_word' id='word_1_100' title='bbox 722 1872 894 1952; x_wconf 84' lang='lat' dir='ltr'><strong>personale</strong></span> <span class='ocrx_word' id='word_1_101' title='bbox 918 1869 976 1936; x_wconf 81' lang='grc' dir='ltr'><strong>σύ·</strong></span> <span class='ocrx_word' id='word_1_102' title='bbox 1003 1872 1061 1937; x_wconf 89' lang='lat' dir='ltr'><strong>sed</strong></span> <span class='ocrx_word' id='word_1_103' title='bbox 1084 1872 1165 1938; x_wconf 86' lang='lat' dir='ltr'><strong>haec</strong></span> <span class='ocrx_word' id='word_1_104' title='bbox 1188 1873 1241 1938; x_wconf 91' lang='lat' dir='ltr'><strong>est</strong></span> 
     </span>
     <span class='ocr_line' id='line_1_14' title="bbox 94 1975 1239 2060; baseline 0.003 -20"><span class='ocrx_word' id='word_1_105' title='bbox 94 1978 265 2043; x_wconf 87' lang='lat' dir='ltr'><strong>sententia</strong></span> <span class='ocrx_word' id='word_1_106' title='bbox 294 1996 396 2060; x_wconf 88' lang='lat' dir='ltr'><strong>quam</strong></span> <span class='ocrx_word' id='word_1_107' title='bbox 425 1978 566 2059; x_wconf 84' lang='lat' dir='ltr'><strong>scriptor</strong></span> <span class='ocrx_word' id='word_1_108' title='bbox 595 1979 729 2041; x_wconf 90' lang='lat' dir='ltr'><strong>tuetur:</strong></span> <span class='ocrx_word' id='word_1_109' title='bbox 762 1975 792 2040; x_wconf 91' lang='lat' dir='ltr'><strong>si</strong></span> <span class='ocrx_word' id='word_1_110' title='bbox 822 1978 898 2059; x_wconf 91' lang='lat' dir='ltr'><strong>quis</strong></span> <span class='ocrx_word' id='word_1_111' title='bbox 928 1979 1075 2045; x_wconf 88' lang='lat' dir='ltr'><strong>Judaeus</strong></span> <span class='ocrx_word' id='word_1_112' title='bbox 1105 1979 1239 2044; x_wconf 87' lang='lat' dir='ltr'><strong>natione</strong></span> 
     </span>
     <span class='ocr_line' id='line_1_15' title="bbox 93 2081 1240 2168; baseline 0.001 -21"><span class='ocrx_word' id='word_1_113' title='bbox 93 2081 207 2148; x_wconf 87' lang='lat' dir='ltr'><strong>fractis</strong></span> <span class='ocrx_word' id='word_1_114' title='bbox 231 2083 313 2163; x_wconf 90' lang='lat' dir='ltr'><strong>legis</strong></span> <span class='ocrx_word' id='word_1_115' title='bbox 335 2085 492 2168; x_wconf 88' lang='lat' dir='ltr'><strong>vinculis,</strong></span> <span class='ocrx_word' id='word_1_116' title='bbox 513 2083 550 2148; x_wconf 90' lang='lat' dir='ltr'><strong>in</strong></span> <span class='ocrx_word' id='word_1_117' title='bbox 569 2083 759 2148; x_wconf 86' lang='lat' dir='ltr'><strong>libertatem</strong></span> <span class='ocrx_word' id='word_1_118' title='bbox 779 2100 853 2149; x_wconf 89' lang='lat' dir='ltr'><strong>sese</strong></span> <span class='ocrx_word' id='word_1_119' title='bbox 871 2085 1034 2165; x_wconf 84' lang='lat' dir='ltr'><strong>asseruit,</strong></span> <span class='ocrx_word' id='word_1_120' title='bbox 1055 2083 1240 2150; x_wconf 88' lang='lat' dir='ltr'><strong>audiendus</strong></span> 
     </span>
     <span class='ocr_line' id='line_1_16' title="bbox 94 2187 1237 2271; baseline 0.002 -19"><span class='ocrx_word' id='word_1_121' title='bbox 94 2204 158 2253; x_wconf 93' lang='lat' dir='ltr'><strong>non</strong></span> <span class='ocrx_word' id='word_1_122' title='bbox 192 2193 265 2269; x_wconf 92' lang='lat' dir='ltr'><strong>est,</strong></span> <span class='ocrx_word' id='word_1_123' title='bbox 296 2190 326 2255; x_wconf 93' lang='lat' dir='ltr'><strong>si</strong></span> <span class='ocrx_word' id='word_1_124' title='bbox 349 2190 490 2270; x_wconf 89' lang='lat' dir='ltr'><strong>gentiles</strong></span> <span class='ocrx_word' id='word_1_125' title='bbox 520 2188 579 2270; x_wconf 89' lang='lat' dir='ltr'><strong>qui</strong></span> <span class='ocrx_word' id='word_1_126' title='bbox 609 2204 731 2253; x_wconf 87' lang='lat' dir='ltr'><strong>verum</strong></span> <span class='ocrx_word' id='word_1_127' title='bbox 753 2187 855 2254; x_wconf 91' lang='lat' dir='ltr'><strong>deum</strong></span> <span class='ocrx_word' id='word_1_128' title='bbox 878 2188 932 2270; x_wconf 92' lang='lat' dir='ltr'><strong>pie</strong></span> <span class='ocrx_word' id='word_1_129' title='bbox 953 2190 1058 2256; x_wconf 89' lang='lat' dir='ltr'><strong>colere</strong></span> <span class='ocrx_word' id='word_1_130' title='bbox 1081 2189 1237 2271; x_wconf 89' lang='lat' dir='ltr'><strong>cupiant,</strong></span> 
     </span>
     <span class='ocr_line' id='line_1_17' title="bbox 95 2293 856 2376; baseline 0 -15"><span class='ocrx_word' id='word_1_131' title='bbox 95 2311 208 2374; x_wconf 86' lang='lat' dir='ltr'><strong>cogere</strong></span> <span class='ocrx_word' id='word_1_132' title='bbox 231 2295 315 2362; x_wconf 87' lang='grc'><strong>16111</strong></span> <span class='ocrx_word' id='word_1_133' title='bbox 337 2294 518 2363; x_wconf 88' lang='lat' dir='ltr'><strong>Mosaicam</strong></span> <span class='ocrx_word' id='word_1_134' title='bbox 539 2295 647 2376; x_wconf 87' lang='lat' dir='ltr'><strong>legem</strong></span> <span class='ocrx_word' id='word_1_135' title='bbox 670 2293 856 2361; x_wconf 86' lang='lat' dir='ltr'><strong>observare.</strong></span> 
     </span>
    </p>

    <p class='ocr_par' dir='ltr' id='par_1_5' title="bbox 94 2401 1241 3228">
     <span class='ocr_line' id='line_1_18' title="bbox 137 2401 1239 2486; baseline 0.001 -20"><span class='ocrx_word' id='word_1_136' title='bbox 137 2401 217 2468; x_wconf 85' lang='lat' dir='ltr'><strong>Jam</strong></span> <span class='ocrx_word' id='word_1_137' title='bbox 239 2403 524 2469; x_wconf 65' lang='lat' dir='ltr'><strong>demonstrabitur</strong></span> <span class='ocrx_word' id='word_1_138' title='bbox 546 2403 581 2467; x_wconf 91' lang='lat' dir='ltr'><strong>in</strong></span> <span class='ocrx_word' id='word_1_139' title='bbox 605 2402 710 2469; x_wconf 85' lang='lat' dir='ltr'><strong>altera</strong></span> <span class='ocrx_word' id='word_1_140' title='bbox 728 2402 900 2484; x_wconf 83' lang='lat' dir='ltr'><strong>Epistulae</strong></span> <span class='ocrx_word' id='word_1_141' title='bbox 920 2404 1031 2486; x_wconf 85' lang='lat' dir='ltr'><strong>parte,</strong></span> <span class='ocrx_word' id='word_1_142' title='bbox 1052 2419 1154 2483; x_wconf 83' lang='lat' dir='ltr'><strong>quarn</strong></span> <span class='ocrx_word' id='word_1_143' title='bbox 1166 2402 1239 2482; x_wconf 91' lang='lat' dir='ltr'><strong>dog·</strong></span> 
     </span>
     <span class='ocr_line' id='line_1_19' title="bbox 94 2507 1240 2592; baseline 0 -20"><span class='ocrx_word' id='word_1_144' title='bbox 94 2508 254 2574; x_wconf 88' lang='lat' dir='ltr'><strong>maticam</strong></span> <span class='ocrx_word' id='word_1_145' title='bbox 276 2513 312 2575; x_wconf 89' lang='lat' dir='ltr'><strong>et</strong></span> <span class='ocrx_word' id='word_1_146' title='bbox 333 2510 581 2591; x_wconf 79' lang='lat' dir='ltr'><strong>paraeneticum</strong></span> <span class='ocrx_word' id='word_1_147' title='bbox 602 2526 675 2576; x_wconf 69' lang='lat' dir='ltr'><strong>esse</strong></span> <span class='ocrx_word' id='word_1_148' title='bbox 695 2510 860 2592; x_wconf 88' lang='lat' dir='ltr'><strong>diximus,</strong></span> <span class='ocrx_word' id='word_1_149' title='bbox 882 2510 918 2573; x_wconf 92' lang='lat' dir='ltr'><strong>et</strong></span> <span class='ocrx_word' id='word_1_150' title='bbox 928 2507 1094 2573; x_wconf 84' lang='lat' dir='ltr'><strong>Judaeum</strong></span> <span class='ocrx_word' id='word_1_151' title='bbox 1105 2508 1240 2573; x_wconf 87' lang='lat' dir='ltr'><strong>natione</strong></span> 
     </span>
     <span class='ocr_line' id='line_1_20' title="bbox 94 2613 1240 2696; baseline 0 -18"><span class='ocrx_word' id='word_1_152' title='bbox 94 2616 128 2679; x_wconf 90' lang='lat' dir='ltr'><strong>et</strong></span> <span class='ocrx_word' id='word_1_153' title='bbox 157 2613 327 2682; x_wconf 77' lang='lat' dir='ltr'><strong>Gentilem</strong></span> <span class='ocrx_word' id='word_1_154' title='bbox 351 2615 425 2681; x_wconf 91' lang='lat' dir='ltr'><strong>sine</strong></span> <span class='ocrx_word' id='word_1_155' title='bbox 447 2615 513 2683; x_wconf 94' lang='lat' dir='ltr'><strong>ullo</strong></span> <span class='ocrx_word' id='word_1_156' title='bbox 536 2615 698 2683; x_wconf 86' lang='lat' dir='ltr'><strong>Mosaicae</strong></span> <span class='ocrx_word' id='word_1_157' title='bbox 721 2615 803 2696; x_wconf 89' lang='lat' dir='ltr'><strong>legis</strong></span> <span class='ocrx_word' id='word_1_158' title='bbox 825 2613 1025 2682; x_wconf 88' lang='lat' dir='ltr'><strong>adminiculo</strong></span> <span class='ocrx_word' id='word_1_159' title='bbox 1049 2613 1101 2696; x_wconf 87' lang='lat' dir='ltr'><strong>pie</strong></span> <span class='ocrx_word' id='word_1_160' title='bbox 1124 2613 1240 2679; x_wconf 80' lang='lat' dir='ltr'><strong>vivere</strong></span> 
     </span>
     <span class='ocr_line' id='line_1_21' title="bbox 94 2720 1240 2804; baseline 0.003 -21"><span class='ocrx_word' id='word_1_161' title='bbox 94 2722 127 2783; x_wconf 93' lang='grc'><strong>61</strong></span> <span class='ocrx_word' id='word_1_162' title='bbox 148 2720 220 2787; x_wconf 90' lang='lat' dir='ltr'><strong>Deo</strong></span> <span class='ocrx_word' id='word_1_163' title='bbox 242 2721 371 2803; x_wconf 89' lang='lat' dir='ltr'><strong>placere</strong></span> <span class='ocrx_word' id='word_1_164' title='bbox 393 2739 501 2804; x_wconf 90' lang='lat' dir='ltr'><strong>posse.</strong></span> <span class='ocrx_word' id='word_1_165' title='bbox 523 2724 616 2788; x_wconf 90' lang='lat' dir='ltr'><strong>Haec</strong></span> <span class='ocrx_word' id='word_1_166' title='bbox 632 2722 888 2804; x_wconf 85' lang='lat' dir='ltr'><strong>demonstratio,</strong></span> <span class='ocrx_word' id='word_1_167' title='bbox 911 2738 996 2803; x_wconf 87' lang='lat' dir='ltr'><strong>quae</strong></span> <span class='ocrx_word' id='word_1_168' title='bbox 1017 2723 1090 2786; x_wconf 88' lang='lat' dir='ltr'><strong>tota</strong></span> <span class='ocrx_word' id='word_1_169' title='bbox 1100 2720 1240 2787; x_wconf 88' lang='lat' dir='ltr'><strong>Judaica</strong></span> 
     </span>
     <span class='ocr_line' id='line_1_22' title="bbox 94 2827 1239 2910; baseline 0.001 -18"><span class='ocrx_word' id='word_1_170' title='bbox 94 2829 162 2908; x_wconf 89' lang='lat' dir='ltr'><strong>est,-</strong></span> <span class='ocrx_word' id='word_1_171' title='bbox 185 2830 230 2893; x_wconf 87' lang='lat' dir='ltr'><strong>ab</strong></span> <span class='ocrx_word' id='word_1_172' title='bbox 259 2828 408 2894; x_wconf 88' lang='lat' dir='ltr'><strong>Judaicis</strong></span> <span class='ocrx_word' id='word_1_173' title='bbox 430 2829 601 2909; x_wconf 90' lang='lat' dir='ltr'><strong>principiis</strong></span> <span class='ocrx_word' id='word_1_174' title='bbox 624 2828 849 2910; x_wconf 88' lang='lat' dir='ltr'><strong>proficiscitur</strong></span> <span class='ocrx_word' id='word_1_175' title='bbox 871 2829 907 2893; x_wconf 92' lang='lat' dir='ltr'><strong>et</strong></span> <span class='ocrx_word' id='word_1_176' title='bbox 931 2828 967 2892; x_wconf 90' lang='lat' dir='ltr'><strong>in</strong></span> <span class='ocrx_word' id='word_1_177' title='bbox 991 2844 1057 2909; x_wconf 87' lang='lat' dir='ltr'><strong>qua</strong></span> <span class='ocrx_word' id='word_1_178' title='bbox 1080 2844 1148 2892; x_wconf 93' lang='lat' dir='ltr'><strong>non</strong></span> <span class='ocrx_word' id='word_1_179' title='bbox 1173 2827 1239 2893; x_wconf 89' lang='lat' dir='ltr'><strong>nisi</strong></span> 
     </span>
     <span class='ocr_line' id='line_1_23' title="bbox 94 2930 1240 3017; baseline 0.002 -22"><span class='ocrx_word' id='word_1_180' title='bbox 94 2930 233 2999; x_wconf 89' lang='lat' dir='ltr'><strong>Judaica</strong></span> <span class='ocrx_word' id='word_1_181' title='bbox 253 2937 452 3013; x_wconf 85' lang='lat' dir='ltr'><strong>argumenta</strong></span> <span class='ocrx_word' id='word_1_182' title='bbox 474 2935 690 3017; x_wconf 87' lang='lat' dir='ltr'><strong>adhibentur,</strong></span> <span class='ocrx_word' id='word_1_183' title='bbox 717 2934 864 3016; x_wconf 92' lang='lat' dir='ltr'><strong>pertinet</strong></span> <span class='ocrx_word' id='word_1_184' title='bbox 887 2934 929 2999; x_wconf 95' lang='lat' dir='ltr'><strong>ab</strong></span> <span class='ocrx_word' id='word_1_185' title='bbox 954 2936 983 3017; x_wconf 82' lang='lat'><strong>2,</strong></span> <span class='ocrx_word' id='word_1_186' title='bbox 1012 2933 1052 2997; x_wconf 89' lang='lat'><strong>14</strong></span> <span class='ocrx_word' id='word_1_187' title='bbox 1073 2934 1240 3012; x_wconf 89' lang='lat' dir='ltr'><strong>usquead</strong></span> 
     </span>
     <span class='ocr_line' id='line_1_24' title="bbox 95 3037 1241 3121; baseline 0.004 -20"><span class='ocrx_word' id='word_1_188' title='bbox 95 3037 124 3118; x_wconf 89' lang='lat'><strong>6,</strong></span> <span class='ocrx_word' id='word_1_189' title='bbox 159 3040 213 3105; x_wconf 87' lang='grc'><strong>18.</strong></span> <span class='ocrx_word' id='word_1_190' title='bbox 245 3040 414 3121; x_wconf 74' lang='lat' dir='ltr'><strong>Quaedam</strong></span> <span class='ocrx_word' id='word_1_191' title='bbox 443 3044 641 3107; x_wconf 89' lang='lat' dir='ltr'><strong>ornamenta</strong></span> <span class='ocrx_word' id='word_1_192' title='bbox 673 3040 864 3105; x_wconf 84' lang='lat' dir='ltr'><strong>Christiana</strong></span> <span class='ocrx_word' id='word_1_193' title='bbox 893 3057 1014 3105; x_wconf 88' lang='lat' dir='ltr'><strong>manus</strong></span> <span class='ocrx_word' id='word_1_194' title='bbox 1046 3039 1172 3105; x_wconf 92' lang='lat' dir='ltr'><strong>addidit</strong></span> <span class='ocrx_word' id='word_1_195' title='bbox 1205 3043 1241 3106; x_wconf 90' lang='lat' dir='ltr'><strong>et</strong></span> 
     </span>
     <span class='ocr_line' id='line_1_25' title="bbox 94 3144 278 3228; baseline 0.011 -18"><span class='ocrx_word' id='word_1_196' title='bbox 94 3144 278 3228; x_wconf 85' lang='lat' dir='ltr'><strong>adaptavit.</strong></span> 
     </span>
    </p>

    <p class='ocr_par' dir='ltr' id='par_1_6' title="bbox 93 3251 1241 4292">
     <span class='ocr_line' id='line_1_26' title="bbox 137 3251 1239 3335; baseline 0.003 -19"><span class='ocrx_word' id='word_1_197' title='bbox 137 3251 385 3318; x_wconf 88' lang='lat' dir='ltr'><strong>Documentum</strong></span> <span class='ocrx_word' id='word_1_198' title='bbox 406 3253 583 3320; x_wconf 88' lang='lat' dir='ltr'><strong>Judaicum</strong></span> <span class='ocrx_word' id='word_1_199' title='bbox 604 3254 681 3319; x_wconf 89' lang='lat' dir='ltr'><strong>inde</strong></span> <span class='ocrx_word' id='word_1_200' title='bbox 700 3255 742 3320; x_wconf 89' lang='lat' dir='ltr'><strong>ab</strong></span> <span class='ocrx_word' id='word_1_201' title='bbox 761 3253 871 3335; x_wconf 88' lang='lat' dir='ltr'><strong>capite</strong></span> <span class='ocrx_word' id='word_1_202' title='bbox 891 3251 991 3318; x_wconf 88' lang='lat' dir='ltr'><strong>tertio</strong></span> <span class='ocrx_word' id='word_1_203' title='bbox 1004 3251 1093 3321; x_wconf 87' lang='lat' dir='ltr'><strong>nullo</strong></span> <span class='ocrx_word' id='word_1_204' title='bbox 1105 3251 1239 3332; x_wconf 89' lang='lat' dir='ltr'><strong>negotio</strong></span> 
     </span>
     <span class='ocr_line' id='line_1_27' title="bbox 94 3355 1239 3443; baseline 0.002 -21"><span class='ocrx_word' id='word_1_205' title='bbox 94 3355 230 3424; x_wconf 88' lang='lat' dir='ltr'><strong>indicari</strong></span> <span class='ocrx_word' id='word_1_206' title='bbox 259 3362 387 3443; x_wconf 88' lang='lat' dir='ltr'><strong>potest,</strong></span> <span class='ocrx_word' id='word_1_207' title='bbox 421 3360 480 3425; x_wconf 88' lang='lat' dir='ltr'><strong>sed</strong></span> <span class='ocrx_word' id='word_1_208' title='bbox 509 3360 604 3426; x_wconf 88' lang='lat' dir='ltr'><strong>Pauli</strong></span> <span class='ocrx_word' id='word_1_209' title='bbox 633 3359 787 3441; x_wconf 83' lang='lat' dir='ltr'><strong>Episcopi</strong></span> <span class='ocrx_word' id='word_1_210' title='bbox 810 3357 906 3440; x_wconf 89' lang='lat' dir='ltr'><strong>paolo</strong></span> <span class='ocrx_word' id='word_1_211' title='bbox 938 3357 1068 3424; x_wconf 91' lang='lat' dir='ltr'><strong>liberior</strong></span> <span class='ocrx_word' id='word_1_212' title='bbox 1095 3356 1239 3432; x_wconf 68' lang='grc' dir='ltr'><strong>διασκευὴ</strong></span> 
     </span>
     <span class='ocr_line' id='line_1_28' title="bbox 94 3464 1241 3550; baseline 0.004 -23"><span class='ocrx_word' id='word_1_213' title='bbox 94 3464 208 3530; x_wconf 90' lang='lat' dir='ltr'><strong>nocuit</strong></span> <span class='ocrx_word' id='word_1_214' title='bbox 226 3466 396 3549; x_wconf 88' lang='lat' dir='ltr'><strong>pericopae</strong></span> <span class='ocrx_word' id='word_1_215' title='bbox 411 3484 496 3548; x_wconf 91' lang='lat' dir='ltr'><strong>quae</strong></span> <span class='ocrx_word' id='word_1_216' title='bbox 519 3469 573 3534; x_wconf 89' lang='lat' dir='ltr'><strong>est</strong></span> <span class='ocrx_word' id='word_1_217' title='bbox 595 3468 637 3532; x_wconf 88' lang='lat' dir='ltr'><strong>ab</strong></span> <span class='ocrx_word' id='word_1_218' title='bbox 662 3467 698 3550; x_wconf 80' lang='lat'><strong>2,</strong></span> <span class='ocrx_word' id='word_1_219' title='bbox 723 3467 873 3547; x_wconf 80' lang='lat'><strong>14-21,</strong></span> <span class='ocrx_word' id='word_1_220' title='bbox 895 3466 930 3531; x_wconf 93' lang='lat' dir='ltr'><strong>in</strong></span> <span class='ocrx_word' id='word_1_221' title='bbox 950 3483 1015 3547; x_wconf 87' lang='lat' dir='ltr'><strong>qua</strong></span> <span class='ocrx_word' id='word_1_222' title='bbox 1035 3483 1140 3547; x_wconf 88' lang='lat' dir='ltr'><strong>pauca</strong></span> <span class='ocrx_word' id='word_1_223' title='bbox 1160 3470 1241 3532; x_wconf 91' lang='lat' dir='ltr'><strong>sunt</strong></span> 
     </span>
     <span class='ocr_line' id='line_1_29' title="bbox 94 3569 1239 3653; baseline 0.003 -19"><span class='ocrx_word' id='word_1_224' title='bbox 94 3586 175 3650; x_wconf 86' lang='lat' dir='ltr'><strong>quae</strong></span> <span class='ocrx_word' id='word_1_225' title='bbox 195 3588 239 3636; x_wconf 86' lang='lat' dir='ltr'><strong>ex</strong></span> <span class='ocrx_word' id='word_1_226' title='bbox 261 3575 375 3638; x_wconf 82' lang='lat' dir='ltr'><strong>vetere</strong></span> <span class='ocrx_word' id='word_1_227' title='bbox 393 3572 474 3639; x_wconf 90' lang='lat' dir='ltr'><strong>libro</strong></span> <span class='ocrx_word' id='word_1_228' title='bbox 497 3573 679 3638; x_wconf 87' lang='lat' dir='ltr'><strong>fluxerunt.</strong></span> <span class='ocrx_word' id='word_1_229' title='bbox 703 3569 753 3637; x_wconf 87' lang='lat' dir='ltr'><strong>Ao</strong></span> <span class='ocrx_word' id='word_1_230' title='bbox 772 3573 920 3653; x_wconf 86' lang='lat' dir='ltr'><strong>primum</strong></span> <span class='ocrx_word' id='word_1_231' title='bbox 939 3570 1101 3637; x_wconf 89' lang='lat' dir='ltr'><strong>habemus</strong></span> <span class='ocrx_word' id='word_1_232' title='bbox 1113 3588 1163 3637; x_wconf 88' lang='lat' dir='ltr'><strong>vs.</strong></span> <span class='ocrx_word' id='word_1_233' title='bbox 1178 3572 1239 3638; x_wconf 88' lang='lat'><strong>14:</strong></span> 
     </span>
     <span class='ocr_line' id='line_1_30' title="bbox 94 3677 1240 3760; baseline 0.003 -21"><span class='ocrx_word' id='word_1_234' title='bbox 94 3691 149 3741; x_wconf 86' lang='lat' dir='ltr'><strong>cur</strong></span> <span class='ocrx_word' id='word_1_235' title='bbox 179 3677 269 3758; x_wconf 81' lang='lat' dir='ltr'><strong>cogit</strong></span> <span class='ocrx_word' id='word_1_236' title='bbox 298 3678 447 3745; x_wconf 87' lang='lat' dir='ltr'><strong>Judaeus</strong></span> <span class='ocrx_word' id='word_1_237' title='bbox 481 3679 640 3760; x_wconf 83' lang='lat' dir='ltr'><strong>gentilem</strong></span> <span class='ocrx_word' id='word_1_238' title='bbox 671 3695 710 3743; x_wconf 91' lang='lat' dir='ltr'><strong>ea</strong></span> <span class='ocrx_word' id='word_1_239' title='bbox 734 3678 926 3759; x_wconf 87' lang='lat' dir='ltr'><strong>observare,</strong></span> <span class='ocrx_word' id='word_1_240' title='bbox 958 3695 1043 3759; x_wconf 86' lang='lat' dir='ltr'><strong>quae</strong></span> <span class='ocrx_word' id='word_1_241' title='bbox 1066 3678 1180 3757; x_wconf 91' lang='lat' dir='ltr'><strong>ipsum</strong></span> <span class='ocrx_word' id='word_1_242' title='bbox 1203 3694 1240 3743; x_wconf 88' lang='lat' dir='ltr'><strong>se</strong></span> 
     </span>
     <span class='ocr_line' id='line_1_31' title="bbox 95 3783 1239 3866; baseline 0 -18"><span class='ocrx_word' id='word_1_243' title='bbox 95 3783 166 3850; x_wconf 93' lang='lat' dir='ltr'><strong>tuto</strong></span> <span class='ocrx_word' id='word_1_244' title='bbox 199 3784 361 3865; x_wconf 81' lang='lat' dir='ltr'><strong>negligere</strong></span> <span class='ocrx_word' id='word_1_245' title='bbox 391 3802 490 3866; x_wconf 91' lang='lat' dir='ltr'><strong>posse</strong></span> <span class='ocrx_word' id='word_1_246' title='bbox 512 3784 714 3850; x_wconf 84' lang='lat' dir='ltr'><strong>existimat?</strong></span> <span class='ocrx_word' id='word_1_247' title='bbox 737 3784 931 3866; x_wconf 86' lang='lat' dir='ltr'><strong>Respondet</strong></span> <span class='ocrx_word' id='word_1_248' title='bbox 954 3783 1164 3849; x_wconf 89' lang='lat' dir='ltr'><strong>adversarius</strong></span> <span class='ocrx_word' id='word_1_249' title='bbox 1187 3801 1239 3850; x_wconf 87' lang='lat' dir='ltr'><strong>vs.</strong></span> 
     </span>
     <span class='ocr_line' id='line_1_32' title="bbox 97 3888 1240 3971; baseline 0.003 -19"><span class='ocrx_word' id='word_1_250' title='bbox 97 3888 151 3955; x_wconf 80' lang='lat'><strong>15:</strong></span> <span class='ocrx_word' id='word_1_251' title='bbox 180 3890 272 3955; x_wconf 87' lang='lat' dir='ltr'><strong>Nihil</strong></span> <span class='ocrx_word' id='word_1_252' title='bbox 300 3890 362 3956; x_wconf 91' lang='lat' dir='ltr'><strong>hoo</strong></span> <span class='ocrx_word' id='word_1_253' title='bbox 392 3891 500 3957; x_wconf 91' lang='lat' dir='ltr'><strong>hercle</strong></span> <span class='ocrx_word' id='word_1_254' title='bbox 530 3890 657 3957; x_wconf 88' lang='lat' dir='ltr'><strong>mirum</strong></span> <span class='ocrx_word' id='word_1_255' title='bbox 680 3893 751 3971; x_wconf 89' lang='lat' dir='ltr'><strong>est;</strong></span> <span class='ocrx_word' id='word_1_256' title='bbox 774 3907 895 3955; x_wconf 88' lang='lat' dir='ltr'><strong>sumus</strong></span> <span class='ocrx_word' id='word_1_257' title='bbox 918 3888 1009 3953; x_wconf 86' lang='lat' dir='ltr'><strong>enim</strong></span> <span class='ocrx_word' id='word_1_258' title='bbox 1033 3906 1094 3953; x_wconf 92' lang='lat' dir='ltr'><strong>nos</strong></span> <span class='ocrx_word' id='word_1_259' title='bbox 1118 3890 1240 3955; x_wconf 85' lang='lat' dir='ltr'><strong>natura</strong></span> 
     </span>
     <span class='ocr_line' id='line_1_33' title="bbox 95 3991 1239 4078; baseline 0.002 -19"><span class='ocrx_word' id='word_1_260' title='bbox 95 3994 226 4078; x_wconf 83' lang='lat' dir='ltr'><strong>ludaei,</strong></span> <span class='ocrx_word' id='word_1_261' title='bbox 262 4014 332 4061; x_wconf 93' lang='lat' dir='ltr'><strong>non</strong></span> <span class='ocrx_word' id='word_1_262' title='bbox 362 4013 405 4062; x_wconf 86' lang='lat' dir='ltr'><strong>ex</strong></span> <span class='ocrx_word' id='word_1_263' title='bbox 435 3996 592 4077; x_wconf 86' lang='lat' dir='ltr'><strong>gentibus</strong></span> <span class='ocrx_word' id='word_1_264' title='bbox 624 3998 815 4077; x_wconf 91' lang='lat' dir='ltr'><strong>peccatores</strong></span> <span class='ocrx_word' id='word_1_265' title='bbox 828 3991 862 4072; x_wconf 79' lang='lat'><strong>1).</strong></span> <span class='ocrx_word' id='word_1_266' title='bbox 888 3994 950 4059; x_wconf 79' lang='lat' dir='ltr'><strong>Oui</strong></span> <span class='ocrx_word' id='word_1_267' title='bbox 972 3994 1120 4060; x_wconf 89' lang='lat' dir='ltr'><strong>Judaeus</strong></span> <span class='ocrx_word' id='word_1_268' title='bbox 1144 4012 1239 4061; x_wconf 90' lang='lat' dir='ltr'><strong>mun-</strong></span> 
     </span>
     <span class='ocr_line' id='line_1_34' title="bbox 94 4097 1241 4185; baseline -0.003 -16"><span class='ocrx_word' id='word_1_269' title='bbox 94 4102 197 4169; x_wconf 78' lang='lat' dir='ltr'><strong>danus</strong></span> <span class='ocrx_word' id='word_1_270' title='bbox 205 4150 304 4185; x_wconf 88' lang='lat'><strong>.....</strong></span> <span class='ocrx_word' id='word_1_271' title='bbox 336 4101 449 4173; x_wconf 69' lang='grc' dir='ltr'><strong>εἰδότες</strong></span> <span class='ocrx_word' id='word_1_272' title='bbox 485 4104 517 4167; x_wconf 75' lang='grc' dir='ltr'><strong>δὲ</strong></span> <span class='ocrx_word' id='word_1_273' title='bbox 549 4098 594 4167; x_wconf 75' lang='grc' dir='ltr'><strong>ὅτι</strong></span> <span class='ocrx_word' id='word_1_274' title='bbox 628 4102 661 4167; x_wconf 77' lang='lat' dir='ltr'><strong>ob</strong></span> <span class='ocrx_word' id='word_1_275' title='bbox 694 4103 866 4167; x_wconf 70' lang='grc' dir='ltr'><strong>δικαιοῦται</strong></span> <span class='ocrx_word' id='word_1_276' title='bbox 897 4097 1048 4178; x_wconf 73' lang='grc' dir='ltr'><strong>ἄνθρωπος</strong></span> <span class='ocrx_word' id='word_1_277' title='bbox 1083 4099 1118 4174; x_wconf 78' lang='grc' dir='ltr'><strong>ἐξ</strong></span> <span class='ocrx_word' id='word_1_278' title='bbox 1146 4098 1241 4179; x_wconf 71' lang='grc' dir='ltr'><strong><em>ἔργων</em></strong></span> 
     </span>
     <span class='ocr_line' id='line_1_35' title="bbox 93 4207 1241 4292; baseline 0.003 -21"><span class='ocrx_word' id='word_1_279' title='bbox 93 4209 189 4284; x_wconf 73' lang='grc' dir='ltr'><strong><em>νόμον.</em></strong></span> <span class='ocrx_word' id='word_1_280' title='bbox 218 4210 344 4276; x_wconf 83' lang='lat' dir='ltr'><strong>Eodem</strong></span> <span class='ocrx_word' id='word_1_281' title='bbox 365 4210 541 4276; x_wconf 80' lang='lat' dir='ltr'><strong>referimus</strong></span> <span class='ocrx_word' id='word_1_282' title='bbox 563 4226 616 4275; x_wconf 79' lang='lat' dir='ltr'><strong>vs.</strong></span> <span class='ocrx_word' id='word_1_283' title='bbox 643 4210 702 4292; x_wconf 88' lang='lat'><strong>18,</strong></span> <span class='ocrx_word' id='word_1_284' title='bbox 728 4209 785 4289; x_wconf 91' lang='lat' dir='ltr'><strong>qui</strong></span> <span class='ocrx_word' id='word_1_285' title='bbox 810 4207 946 4289; x_wconf 88' lang='lat' dir='ltr'><strong>reliquis</strong></span> <span class='ocrx_word' id='word_1_286' title='bbox 970 4207 1066 4274; x_wconf 91' lang='lat' dir='ltr'><strong>hodie</strong></span> <span class='ocrx_word' id='word_1_287' title='bbox 1086 4209 1170 4275; x_wconf 88' lang='lat' dir='ltr'><strong>mire</strong></span> <span class='ocrx_word' id='word_1_288' title='bbox 1194 4209 1241 4274; x_wconf 92' lang='lat' dir='ltr'><strong>in-</strong></span> 
     </span>
    </p>
   </div>
   <div class='ocr_carea' id='block_1_3' title="bbox 101 4375 276 4387">
    <p class='ocr_par' dir='ltr' id='par_1_7' title="bbox 101 4375 276 4387">
     <span class='ocr_line' id='line_1_36' title="bbox 101 4375 276 4387; baseline 0 -2"><span class='ocrx_word' id='word_1_289' title='bbox 101 4375 276 4387; x_wconf 40' lang='lat' dir='ltr'>Q...—</span> 
     </span>
    </p>
   </div>
   <div class='ocr_carea' id='block_1_4' title="bbox 97 4422 1240 4591">
    <p class='ocr_par' dir='ltr' id='par_1_8' title="bbox 97 4422 1240 4591">
     <span class='ocr_line' id='line_1_37' title="bbox 127 4422 1240 4516; baseline 0 -19"><span class='ocrx_word' id='word_1_290' title='bbox 127 4450 155 4515; x_wconf 88' lang='lat'><strong>1)</strong></span> <span class='ocrx_word' id='word_1_291' title='bbox 179 4451 235 4516; x_wconf 74' lang='lat' dir='ltr'><strong>Quo</strong></span> <span class='ocrx_word' id='word_1_292' title='bbox 262 4465 332 4501; x_wconf 72' lang='grc'><strong>161111</strong></span> <span class='ocrx_word' id='word_1_293' title='bbox 352 4450 411 4500; x_wconf 72' lang='lat' dir='ltr'><strong>heco</strong></span> <span class='ocrx_word' id='word_1_294' title='bbox 435 4449 510 4516; x_wconf 85' lang='lat' dir='ltr'><strong>accipi</strong></span> <span class='ocrx_word' id='word_1_295' title='bbox 532 4422 622 4510; x_wconf 72' lang='lat' dir='ltr'><strong>solent,</strong></span> <span class='ocrx_word' id='word_1_296' title='bbox 644 4451 758 4499; x_wconf 74' lang='lat' dir='ltr'><strong>wotextu</strong></span> <span class='ocrx_word' id='word_1_297' title='bbox 775 4462 824 4498; x_wconf 86' lang='lat' dir='ltr'><strong>non</strong></span> <span class='ocrx_word' id='word_1_298' title='bbox 841 4446 991 4509; x_wconf 68' lang='grc' dir='ltr'><strong>ἁμαρτωλοί</strong></span> <span class='ocrx_word' id='word_1_299' title='bbox 1004 4447 1182 4513; x_wconf 82' lang='lat' dir='ltr'><strong>requireretur,</strong></span> <span class='ocrx_word' id='word_1_300' title='bbox 1199 4448 1240 4497; x_wconf 79' lang='lat' dir='ltr'><strong>sod</strong></span> 
     </span>
     <span class='ocr_line' id='line_1_38' title="bbox 97 4529 250 4591; baseline 0.039 -14"><span class='ocrx_word' id='word_1_301' title='bbox 97 4529 250 4591; x_wconf 73' lang='grc' dir='ltr'><strong><em>πιςεῦοντες.</em></strong></span> 
     </span>
    </p>
   </div>
   <div class='ocr_carea' id='block_1_5' title="bbox 0 0 1602 5325">
    <p class='ocr_par' dir='ltr' id='par_1_9' title="bbox 0 0 1602 5325">
     <span class='ocr_line' id='line_1_39' title="bbox 0 0 1602 5325; baseline 0 0"><span class='ocrx_word' id='word_1_302' title='bbox 0 0 1602 5325; x_wconf 95' lang='lat' dir='ltr'><strong> </strong></span> 
     </span>
    </p>
   </div>
  </div>
 </body>
</html>
