3192 5325
797 564 800 569 ’
885 571 948 636 150

340 753 469 826 Πνεῦμα
501 751 605 817 fuisse
635 751 832 818 distinctam
863 770 1039 834 personam
1071 770 1138 819 non
1161 752 1231 818 Deo
1253 752 1341 834 patri
1363 750 1481 833 opposi·
1572 749 1573 752 ’

339 859 430 937 tam,
452 857 510 922 sed
530 874 631 940 quae,
653 857 722 922 Deo
743 861 839 939 patre
854 861 1007 940 auctore,
1022 861 1173 924 nostram
1186 857 1482 923 salutemefficeret

339 962 421 1043 (νεε.
457 963 517 1042 15;
548 962 608 1036 263
634 962 698 1040 27).
723 963 778 1026 Ad
802 964 1034 1044 perfectionem
1062 963 1232 1046 adspirare
1255 981 1323 1029 non
1347 964 1482 1043 possunt

339 1067 406 1131 nisi
437 1067 494 1148 qui
526 1071 655 1143 Πνεῦμα
688 1070 863 1134 sectantur
894 1071 958 1152 (νε.
989 1071 1042 1155 4);
1075 1072 1157 1135 sunt
1180 1069 1273 1135 enim
1295 1068 1425 1134 liberati
1445 1067 1482 1131 ab

339 1169 394 1236 illa
416 1173 554 1239 Judaica
575 1173 662 1253 lege,
688 1175 777 1238 unde
802 1175 978 1254 peccatum
1002 1176 1216 1257 repetebatur
1239 1173 1305 1258 (νε.
1332 1175 1373 1252 2).
1398 1171 1480 1236 Mors

339 1280 375 1342 et
406 1277 466 1344 Dei
497 1279 610 1344 odium
639 1280 771 1345 fructus
802 1280 937 1344 merant
962 1278 1123 1346 Mosaicae
1146 1280 1331 1363 religione,
1357 1280 1430 1344 vita
1452 1278 1484 1341 et

339 1385 475 1449 aeterna
505 1402 572 1465 pax
605 1385 685 1450 laeti
716 1388 901 1465 proventus
929 1387 1011 1450 sunt
1034 1403 1142 1451 novae
1166 1385 1335 1450 doctrinae
1360 1383 1440 1468 (νεε.
1464 1382 1482 1444 6

339 1491 374 1553 et
406 1490 449 1574 7).
486 1490 548 1570 Qui
577 1494 672 1571 paret
697 1490 851 1557 Mosaicis
873 1490 1020 1570 legibus,
1044 1491 1112 1556 Deo
1136 1491 1263 1573 placere
1285 1508 1355 1556 non
1377 1489 1484 1570 potest

340 1597 405 1674 (νε.
429 1595 481 1679 8);
506 1597 565 1660 sed
590 1614 650 1661 vos
673 1597 730 1677 qui
754 1601 884 1672 Πνεῦμα
908 1597 1056 1678 habetis,
1080 1615 1205 1663 novam
1228 1596 1325 1677 quasi
1348 1595 1483 1660 formam

338 1697 497 1767 induistis
517 1710 581 1784 (νε.
601 1699 661 1787 91).
686 1702 830 1768 Etiamsi
849 1705 976 1768 vivatis
993 1705 1087 1769 iutro
1106 1703 1180 1769 illas
1197 1703 1286 1782 leges
1297 1751 1306 1784 ,
1317 1705 1432 1766 tamem
1443 1699 1483 1762 ri·

339 1807 422 1872 vitis
441 1808 626 1872 oeccodcm
645 1824 702 1873 eas
722 1814 784 1884 (νε.
808 1809 870 1892 12),
891 1826 972 1874 nam
991 1809 1196 1890 pneumatici
1208 1826 1275 1874 non
1287 1809 1369 1873 sunt
1382 1805 1482 1884 servi,
1573 1853 1574 1908 1

340 1912 399 1977 sed
419 1908 481 1977 Dei
500 1911 557 1978 filii
578 1913 633 1996 (νε
655 1914 718 1990 14).
742 1913 861 1978 Nonne
884 1931 962 1997 vos,
988 1914 1215 1995 Pneumatici,
1237 1913 1294 1995 qui
1307 1911 1481 1986 Πννύμανα

341 2016 520 2098 participes
543 2018 642 2098 estiS,
669 2018 838 2101 clamatis,
865 2019 962 2084 Abba
992 2019 1117 2084 Pater?
1152 2020 1312 2084 Testatur
1335 2019 1396 2083 hoo
1418 2032 1484 2080 ves·

340 2125 393 2185 ter
412 2123 547 2188 animus
566 2125 600 2189 et
620 2127 749 2196 Πνεῦμα
769 2125 888 2189 itidem
907 2127 1056 2192 testatur
1079 2131 1140 2202 (νε.
1157 2125 1220 2201 16).
1245 2123 1387 2206 Deinde,
1409 2139 1485 2186 nam

341 2226 424 2291 haec
456 2226 543 2292 lecta
572 2229 677 2295 luisse
709 2230 922 2310 suspicamur
950 2230 985 2295 in
1016 2247 1055 2295 ea
1078 2228 1196 2295 lacuna
1217 2247 1302 2311 quae
1326 2231 1381 2295 est
1404 2229 1485 2292 inter

342 2350 412 2397 vss.
440 2334 481 2398 16
505 2337 542 2399 et
567 2336 618 2417 19,
644 2353 720 2418 vos,
746 2334 807 2400 Dei
829 2335 915 2401 filios
937 2335 1095 2402 liberatos
1115 2337 1157 2401 ab
1177 2336 1275 2415 Legis
1293 2336 1390 2418 jugo,
1408 2349 1486 2415 quae

346 2437 440 2502 ducit
475 2441 516 2504 ad
547 2440 743 2521 perniciem,
776 2442 936 2507 universa
965 2459 1078 2507 rerum
1102 2444 1226 2507 natura
1248 2439 1487 2522 contemplatur

345 2547 509 2623 tanquam
541 2545 648 2610 nobile
680 2547 872 2628 exemplum
901 2547 987 2628 quod
1011 2552 1189 2628 sequutum
1211 2548 1282 2629 jam
1306 2547 1397 2611 enim
1420 2545 1486 2628 ipsa

344 2648 450 2728 gestit
487 2649 599 2716 videre
632 2654 783 2717 vestram
816 2651 998 2733 perfectam
1028 2652 1284 2719 revelationem:
1318 2654 1372 2717 est
1403 2650 1485 2717 enim

344 2772 436 2820 nunc
459 2756 605 2821 vanitati
627 2757 783 2841 obnoxia,
810 2758 868 2823 sed
892 2757 1067 2839 aliquando
1087 2759 1208 2840 jugum
1227 2760 1268 2824 de
1287 2757 1367 2824 collo
1387 2758 1485 2821 deme-

344 2862 412 2924 tur.
449 2861 525 2927 Fiet
558 2862 619 2927 hoc
650 2880 755 2943 quum
785 2863 908 2928 messis
939 2866 1054 2929 secuta
1086 2864 1151 2929 erit
1174 2863 1342 2945 primitias
1366 2876 1486 2943 nosque

345 2970 504 3033 terrestre
525 2985 644 3048 corpus
662 2969 866 3034 exnerimus.
880 2968 1080 3037 ¹Summisso
1099 2970 1211 3035 animo
1230 2968 1487 3050 exspectandum

345 3072 432 3153 quod
444 3073 597 3138 futurum
609 3075 662 3138 est
674 3074 757 3157 (νεε.
772 3074 904 3150 arr-25).
920 3076 1062 3140 interea
1074 3078 1202 3149 Πνεῦμα
1216 3092 1277 3140 nos
1289 3091 1358 3139 non
1369 3072 1487 3139 deserit

346 3181 382 3243 et
403 3179 596 3244 infirmitati
619 3181 755 3244 nostrae
778 3180 902 3246 auxilio
925 3181 1028 3245 venit.
1054 3180 1155 3262 Apud
1181 3182 1317 3247 Patrem
1340 3184 1487 3246 nostram

347 3300 483 3348 causam
518 3284 589 3362 agit
625 3284 761 3365 ipseque
797 3286 914 3369 Pater,
948 3286 1005 3368 qui
1039 3287 1137 3352 corda
1172 3289 1359 3370 scrutatur,
1398 3285 1488 3349 novit
1574 3352 1575 3393 ᾗ

346 3389 450 3453 etiam
485 3388 565 3470 quid
601 3392 729 3463 Πνεῦμα
761 3391 862 3455 velit:
894 3390 969 3456 vult
1000 3395 1116 3458 autem
1147 3392 1230 3457 nihil
1260 3392 1348 3473 quod
1379 3390 1487 3456 divino
1574 3414 1575 3489 3

347 3491 483 3559 consilio
506 3497 671 3573 repugnat
693 3500 773 3571 (νεε.
799 3496 861 3576 26;
887 3496 953 3580 27).

393 3597 456 3676 Qui
486 3598 534 3663 sic
566 3598 714 3682 scripsit,
740 3600 804 3665 sibi
826 3600 891 3681 ipsi
913 3602 1105 3667 satisfacere
1128 3619 1196 3668 non
1219 3603 1349 3683 potuit;
1373 3602 1488 3667 intimo

348 3702 454 3768 animi
486 3720 588 3769 sensu
611 3705 751 3782 agnovit
773 3706 807 3770 id
831 3707 917 3787 quod
941 3724 1115 3772 summum
1138 3709 1208 3791 est,
1235 3724 1354 3789 nempe
1379 3704 1487 3770 ἐλευθε-

348 3805 413 3885 ρίαν
439 3813 496 3870 νῦν
522 3806 635 3870 τέκναν
655 3813 707 3871 τοῦ
733 3812 816 3895 θεοῦ,
838 3811 956 3877 deinde
975 3812 1082 3877 cernit
1099 3813 1266 3878 montium
1278 3812 1487 3877 celsitudines

347 3915 384 3979 et
403 3913 558 3994 desperat
579 3916 757 3980 ascendere
777 3934 814 3982 se
834 3934 891 3981 eas
911 3916 1086 3998 aliquando
1098 3934 1206 3997 posse.
1230 3917 1302 3981 Hoc
1314 3918 1421 3983 etiam
1432 3930 1488 3980 nos

348 4018 512 4094 advertit,
536 4019 623 4101 quod
645 4037 757 4086 rerum
781 4024 940 4087 naturam
964 4022 1135 4103 conjungit
1154 4040 1233 4087 cum
1251 4022 1401 4087 humana
1420 4038 1487 4085 con·

349 4122 500 4189 scientia.
546 4124 620 4190 Non
650 4126 885 4190 interveniunt
914 4126 1196 4207 inexsuperabiles
1227 4126 1341 4208 Alpes.
1389 4124 1488 4191 Sicuti

349 4230 555 4310 pneumatici
578 4229 760 4304 Πννύααννς
779 4231 946 4312 primitias
966 4232 1108 4313 habent,
1131 4234 1179 4297 sic
1197 4232 1261 4312 ipsi
1273 4232 1488 4313 auspicantur

349 4334 508 4417 salutern,
545 4336 587 4409 ad
609 4353 711 4417 quam
733 4336 892 4401 universa
914 4354 1027 4401 rerum
1048 4341 1171 4402 natura
1193 4337 1393 4417 ingemiscit.
1430 4335 1488 4401 Hic

349 4458 451 4522 quam
482 4441 589 4507 multa
620 4443 735 4520 erant,
765 4457 849 4522 quae
881 4440 1071 4507 Christiana
1099 4441 1212 4521 religio
1243 4444 1278 4507 in
1308 4460 1388 4509 suos
1410 4459 1489 4509 usus

350 4549 541 4612 convertere
564 4544 685 4627 potuit.
709 4544 763 4609 Sic
786 4546 895 4610 solent
918 4563 1083 4612 novarum
1106 4547 1363 4627 persuasionum
1386 4546 1487 4614 condi-
