3192 5325
474 949 579 1028 Χριςὸς
603 947 619 1039 5
642 949 742 1025 σωτήρ
766 947 792 1031 (ὃ
814 948 952 1030 Ἰησοῦς).

184 1119 299 1183 Huius
324 1119 453 1183 natales
476 1117 676 1182 suavissimo
697 1116 793 1182 modo
816 1115 1061 1196 praedicuntur.
1087 1115 1217 1181 Nomen
1235 1117 1285 1182 Je-

136 1241 198 1288 sus
234 1207 311 1289 erit,
335 1226 412 1290 Jam
434 1227 515 1290 ante
538 1223 653 1288 laudat
675 1222 780 1288 Maria
804 1240 879 1288 eam
901 1222 1176 1302 misericordiam,
1201 1240 1287 1303 quae

135 1333 191 1395 est
226 1349 247 1396 a
275 1331 430 1412 progenie
461 1331 495 1395 in
528 1330 710 1412 progenies.
734 1330 826 1394 Haec
849 1329 1087 1409 misericordia,
1111 1329 1287 1394 Zacharias

134 1437 202 1519 ait,
239 1454 367 1503 memor
384 1440 452 1502 est
479 1437 678 1501 testamenti
701 1436 754 1501 sui
778 1435 896 1500 sancti.
932 1435 970 1498 In
996 1435 1086 1514 Agro
1110 1433 1285 1500 Bethlemi-

135 1546 220 1608 tano
244 1544 353 1623 angeli
375 1543 608 1623 evangelizant
631 1542 821 1624 pastoribus
844 1542 1004 1621 gaudium
1015 1557 1194 1622 magnum,
1208 1541 1286 1621 quia

136 1649 292 1719 Salvator
316 1653 418 1715 natus
437 1652 500 1714 est.
525 1650 565 1713 ln
588 1652 678 1714 terra
701 1667 767 1730 pax
791 1648 864 1712 erit.
890 1647 998 1712 Senex
1021 1643 1154 1712 Simeon
1176 1647 1286 1712 laetus

134 1756 176 1821 de
208 1757 281 1821 vita
313 1756 459 1836 decedit,
484 1759 663 1837 postquam
686 1755 813 1836 accepit
837 1755 1062 1834 infantemin
1086 1753 1183 1821 ulnas
1206 1773 1285 1821 suas

135 1864 172 1926 θῖ
196 1863 283 1928 oculi
305 1863 464 1929 viderunt
488 1863 649 1943 salutare,
676 1861 788 1926 lumen
813 1862 855 1926 ad
875 1861 1113 1927 revelationem
1131 1862 1284 1940 gentium

135 1970 173 2032 θῖ
197 1969 336 2047 gloriam
359 1969 463 2050 plebis
486 1965 633 2052 lsrael1).

182 2074 311 2140 Crescit
341 2093 423 2157 puer
453 2079 489 2142 et
522 2076 630 2155 gratia
652 2075 713 2140 Dei
735 2079 790 2141 est
813 2075 848 2140 in
872 2075 925 2140 illo
938 2073 971 2152 ²).
996 2075 1193 2140 Praecursor
1215 2093 1284 2156 pro-

136 2180 299 2246 ficiscitur
330 2184 372 2248 ab
404 2182 532 2248 Jesaiae
563 2182 691 2248 verbis:
716 2180 957 2263 consolamini,
983 2181 1206 2263 consolamini,
1231 2199 1283 2262 po·

135 2288 212 2368 pule
235 2305 333 2354 meus
347 2289 382 2370 ³).

182 2393 338 2459 Christus
365 2395 473 2475 prodit
497 2394 665 2460 Nazareth
689 2395 724 2459 in
748 2410 955 2476 synagogam
977 2397 1013 2458 et
1035 2394 1075 2458 de
1098 2411 1153 2459 ore
1175 2410 1282 2474 proce·

136 2497 222 2564 dunt
241 2502 344 2565 verba
369 2501 503 2580 gratiae.
524 2501 684 2566 Omnium
703 2499 789 2566 ocull
809 2503 893 2565 sunt
911 2501 1126 2565 intendentes
1138 2499 1174 2564 in
1186 2517 1280 2582 eum,

135 2623 242 2687 quum
272 2607 394 2672 librum
426 2608 602 2674 revolvens
633 2608 762 2674 Jesaiae
793 2607 902 2673 locum
932 2608 1079 2689 invenit,
1104 2607 1161 2673 ubi
1185 2607 1281 2689 serip-

133 2714 210 2777 tum
242 2716 332 2778 erat:
362 2714 475 2777 Me-
504 2717 540 2779 et
563 2714 640 2779 vide
671 2715 774 2796 hujus
798 2714 879 2779 Jesu
902 2714 1084 2793 imaginem
1112 2751 1144 2760 —
1174 2714 1281 2779 Domi-

134 2836 200 2884 nus
231 2820 327 2884 misit
358 2819 587 2899 evangelizare
607 2820 824 2903 pauperibus,
850 2838 967 2886 sanare
987 2822 1147 2885 contritos
1167 2822 1279 2902 corde,

134 2926 323 3005 praedicare
352 2944 480 2992 annum
512 2927 645 2991 Domini
668 2928 843 3008 acceptum
855 2924 892 3008 ⁴).
917 2927 988 2991 Duc
1012 2927 1048 2990 in
1071 2926 1193 3009 altum,
1219 2926 1281 3008 pri-

134 3048 231 3096 mum
262 3034 381 3098 estad
405 3033 541 3099 Simone
563 3033 784 3115 symbolicum
807 3033 957 3097 verbum.
984 3032 1088 3097 Jussu
1111 3033 1184 3098 eius
1208 3035 1279 3098 rete

134 3136 270 3202 laxatur
300 3141 336 3203 et
366 3138 599 3205 concluserunt
621 3139 762 3220 piscium
786 3141 922 3203 tantam
945 3138 1213 3222 multitudinem,
1239 3142 1279 3204 ut

134 3245 253 3309 ambae
288 3244 458 3311 naviculae
491 3264 575 3327 pene
609 3248 839 3324 mergerentur
850 3245 887 3326 ⁵).
919 3245 1060 3310 Plenum
1090 3245 1181 3326 lepra
1210 3262 1278 3311 non

134 3350 277 3414 mundat
303 3353 457 3415 tanturn:
482 3351 593 3430 tangit
615 3351 743 3435 eum⁶).
767 3350 970 3433 Paralytico‚
995 3350 1154 3430 quiante
1177 3353 1278 3433 pedes

134 3457 285 3535 ponitur,
310 3457 479 3537 promittit
501 3459 580 3523 ante
603 3458 727 3538 reliqua
746 3458 875 3523 omnia:
907 3457 1034 3521 Homo!
1055 3458 1278 3523 remittuntur

134 3562 194 3626 tibi
224 3566 359 3643 peccata
382 3566 442 3628 tua
454 3562 489 3641 ⁷).
525 3563 713 3628 Discumbit
735 3581 814 3628 cum
837 3562 1020 3645 publicanis
1043 3566 1079 3627 et
1101 3566 1277 3643 peccatori-

134 3668 213 3749 bus;
243 3669 338 3734 venit
368 3670 459 3735 enim
489 3687 607 3735 vocare
634 3673 824 3751 peccatores
850 3669 891 3734 ad
913 3669 1154 3748 poenitentiam
1178 3673 1213 3735 et
1235 3670 1277 3735 iis

134 3775 274 3858 mederi,
313 3775 371 3856 qui
404 3777 516 3841 animo
546 3774 637 3871 male
671 3776 845 3851 habenti).
882 3775 948 3840 Our
979 3776 1171 3857 jejunarent
1205 3776 1276 3857 ipso

172 4005 198 4066 1)
216 4005 273 4053 Luc.
293 4005 307 4053 1
326 4007 350 4052 et
367 4004 390 4051 2.

171 4087 198 4150 2)
216 4088 273 4135 Luc.
292 4086 316 4142 2,
332 4086 373 4133 40.

172 4170 200 4234 5)
217 4169 266 4217 Jee.
284 4170 326 4224 40,
343 4171 409 4218 3-5
428 4168 525 4225 laudati,
543 4168 600 4216 Luc.
618 4168 641 4224 3,
649 4170 673 4215 4.

170 4251 198 4314 4)
219 4253 276 4300 Luc.
294 4253 319 4306 4,
337 4251 369 4299 16
385 4266 435 4313 sqq.

171 4334 198 4397 Β)
214 4334 270 4382 Luc.
290 4336 313 4389 5,
330 4333 344 4381 1
362 4348 412 4396 sqq.

170 4416 195 4476 5)
209 4416 266 4464 Luc.
285 4416 308 4471 5,
324 4415 363 4463 13.

170 4495 195 4560 7)
213 4498 271 4546 Luc.
289 4498 312 4553 5,
328 4497 368 4547 20.

169 4579 196 4643 8)
213 4580 269 4628 Luc.
289 4580 312 4634 5,
329 4580 362 4627 30
378 4595 428 4643 sqq.
