3192 5325
658 580 700 643 53

116 759 239 824 τὸνθεόν
262 762 326 845 (vs.
354 765 419 840 21).
443 765 603 829 Humana
626 764 791 844 sapientia
816 765 857 828 ad
882 765 1024 829 nihilum
1043 765 1176 831 redacta
1195 769 1248 831 est

114 873 144 933 et
163 869 303 934 succedit
325 871 362 934 in
382 870 456 935 eius
478 870 588 935 locum
599 869 717 946 μυρίοι·
742 870 903 935 nimirum
925 871 986 936 Dei
1003 871 1099 947 μωρὸν
1118 871 1247 937 factum

116 979 161 1039 est
181 976 345 1052 σοφώτερον
370 982 428 1039 τῶν
453 973 612 1053 ἀνθρώπων
637 975 702 1059 (vs.
728 975 796 1057 25).

152 1082 216 1162 Quo
245 1083 343 1148 modo
366 1084 406 1148 de
429 1082 517 1148 coelo
540 1082 711 1148 descendit
734 1081 789 1146 illa
813 1085 949 1147 aeterna
973 1083 1032 1148 Dei
1056 1085 1246 1165 sapientia?

112 1185 177 1251 Non
205 1188 268 1252 fuit
297 1192 387 1253 certe
418 1207 497 1254 cum
528 1188 683 1270 imperito
715 1187 815 1266 vulgo
846 1191 1106 1273 communicata,
1133 1191 1190 1255 sed
1215 1190 1245 1252 ἐν

110 1299 165 1362 τοῖς
194 1292 339 1366 τελείοις,
365 1294 395 1356 ἐν
419 1293 553 1372 μυςκρίῳ
573 1296 614 1375 (2,
642 1294 680 1374 6;
707 1294 738 1371 7)
762 1294 829 1357 fuit
848 1295 885 1356 τὸ
910 1297 1034 1367 τνεῦμοι
1059 1296 1146 1376 quod
1169 1314 1245 1361 eam
1283 1344 1285 1350 ·

109 1397 293 1464 mortalibus
328 1401 619 1465 commonstravit.
655 1403 805 1480 Πνεῦμα,
843 1401 939 1465 cuius
969 1418 1090 1466 arcana
1123 1404 1246 1468 natura

108 1502 272 1570 difficulter
301 1506 503 1588 explicatur,
536 1523 600 1586 quo
626 1509 775 1586 tempore
801 1505 991 1570 Oh1istiana
1014 1505 1158 1571 Ecclesia
1181 1508 1244 1588 pri

108 1625 193 1673 mum
223 1611 358 1676 condita
381 1615 435 1676 est
460 1648 492 1657 —
519 1629 723 1692 quamquam
754 1629 797 1675 ex
821 1610 890 1676 Deo
913 1613 1086 1677 emanavit
1101 1618 1123 1690 ¹)
1141 1650 1172 1660 -
1191 1614 1244 1680 hic

107 1717 188 1779 certe
213 1718 360 1782 nondum
383 1717 473 1784 Deus
496 1719 568 1799 ipse
591 1720 662 1798 est,
689 1719 862 1782 scrutatur
886 1718 977 1782 enim
1000 1719 1161 1798 profunda
1184 1720 1244 1786 Dei

108 1818 153 1903 (2,
178 1824 238 1899 10).
271 1824 335 1904 Qui
357 1828 482 1899 πνεῦμα
507 1827 723 1906 acceperunt,
749 1827 873 1888 norunt
898 1823 938 1886 τοὶ
965 1823 1021 1886 ὑπὸ
1045 1828 1111 1887 θεοῦ
1135 1850 1243 1905 χαμο-

106 1924 185 1988 livre
218 1929 309 2010 ἡμῖν,
340 1921 362 1992 οἳ
387 1930 438 1992 xci
464 1934 638 2012 λαλοῦμεν,
664 1936 885 2002 πνευματικοῖς
911 1935 992 2006 (non
1017 1939 1243 2012 avenascensis)

105 2031 235 2099 aliorum
258 2035 458 2112 τνευμοοττκοὶ
477 2040 593 2102 nostra
616 2035 825 2114 συγκρίνοντες
840 2032 876 2120 ²).
902 2036 976 2101 Non
999 2037 1060 2102 hoc
1085 2038 1243 2118 intelligit

104 2138 249 2219 ψυχικόν,
275 2144 334 2208 sed
358 2144 525 2223 genuinus
546 2143 801 2224 pneumaticus,
825 2142 881 2223 qui
900 2144 1011 2208 omnia
1030 2144 1071 2208 ad
1088 2161 1123 2209 se
1143 2150 1243 2211 vocat

103 2247 142 2309 ad
162 2249 324 2314 rationem
344 2249 562 2332 reddendam,
586 2249 666 2313 dum
686 2249 758 2330 ipse
777 2266 965 2329 numquam
984 2250 1025 2314 ab
1038 2250 1102 2315 alio
1113 2253 1244 2316 evocari

104 2357 218 2432 potest.
555 2418 557 2421 ,
809 2355 814 2362 ’

144 2459 222 2525 Ecce
245 2462 486 2528 documentum
506 2462 692 2544 judaicum;
717 2462 804 2542 quod
827 2461 863 2524 in
886 2478 925 2526 eo
949 2461 1147 2542 primarium
1170 2466 1241 2546 est,

102 2565 233 2632 minime
266 2585 395 2633 novum
428 2570 482 2633 est
495 2567 535 2650 ³),
569 2568 627 2632 sed
658 2568 805 2632 breviter
833 2569 869 2631 et
900 2567 1041 2632 dilucide
1065 2569 1245 2649 exponitur

102 2672 244 2739 doctina
273 2675 581 2755 pneumaticorum:
612 2691 655 2739 ne
684 2675 741 2755 qui
773 2672 925 2739 mortalis
947 2674 1133 2739 intercedat
1156 2676 1244 2741 inter

101 2778 202 2845 Deum
222 2784 258 2846 et
274 2799 354 2862 nos,
376 2799 444 2846 non
464 2780 609 2860 Cephas,
623 2798 691 2844 non
702 2780 844 2857 Paulus,
860 2797 926 2844 non
940 2779 1104 2845 Christus.
1118 2780 1244 2847 Sumus

100 2881 219 2960 τέλειοι,
251 2887 394 2967 abipso
424 2885 493 2951 Deo
523 2885 694 2949 instructi.
724 2884 884 2949 Doctrina
907 2887 961 2948 est
984 2884 1023 2949 de
1047 2886 1243 2963 cognitionis

99 2992 261 3074 methodo,
288 2991 518 3072 neoplatonica
541 2994 622 3055 ante
645 2990 909 3070 neoplatonicos,
935 2990 1121 3055 secundum
1139 3007 1242 3071 quam

98 3095 262 3162 extollitur
285 3095 431 3167 ἔκτοσκε
456 3097 546 3162 Deus
569 3098 604 3161 in
629 3096 725 3161 nobis
746 3096 885 3161 unicum
907 3096 1002 3160 nobis
1022 3096 1181 3175 patefacit
1200 3098 1242 3161 ad

99 3198 201 3266 Deum
222 3203 297 3267 iter.

139 3307 356 3389 Perspicuum
378 3313 432 3375 est
455 3310 517 3375 hoc
536 3309 790 3390 pneumaticum
811 3307 1050 3372 documentum
1070 3326 1161 3390 capp.
1178 3311 1235 3374 1-

98 3412 116 3475 3
137 3430 209 3479 csse
231 3415 501 3502 conglutinatum
524 3432 602 3479 cum
625 3414 699 3479 aliis
722 3414 819 3493 locis,
845 3430 987 3493 quorum
1006 3417 1128 3479 natura
1147 3414 1242 3493 longe

98 3518 271 3601 discrepat;
309 3521 355 3585 ibi
386 3522 477 3585 enim
509 3522 621 3585 omnia
645 3520 801 3585 sensibus
833 3519 1072 3603 subjiciuntur,
1099 3538 1183 3601 quae
1206 3521 1242 3584 in
1277 3585 1279 3588 ,

98 3622 145 3688 illo
168 3624 367 3691 documenta
389 3627 539 3692 absolute
562 3626 651 3691 dicia
675 3629 767 3690 sunt.
791 3626 880 3690 Hinc
899 3627 1120 3691 commutatio
1132 3627 1241 3704 singu-

97 3728 168 3795 laris
190 3730 226 3794 in
247 3732 411 3812 pluralem
434 3749 629 3797 numerum:
655 3733 689 3792 τὸ
708 3730 805 3808 μωρὸν
829 3748 880 3796 vs.
896 3730 938 3796 25
962 3731 1002 3795 fit
1022 3731 1064 3794 rel
1084 3732 1172 3809 μομὶ
1190 3750 1239 3797 vs.

98 3835 151 3918 27,
171 3854 236 3917 quo
257 3838 391 3901 nomine
412 3837 510 3902 stulti
531 3837 782 3919 intelliguntur,
805 3840 1018 3918 opponuntur
1029 3838 1119 3903 enim
1132 3836 1240 3901 πολλοὶ

74 3992 78 4007 .
97 3939 176 4017 σοφοὶ
201 3941 287 4003 κατὰ
306 3940 417 4018 cipue.
442 3942 608 4008 Η1ε1οοῑε
631 3960 699 4007 11011
723 3946 777 4008 est
797 3932 897 4022 σοφίοο
914 3947 967 4005 τοῦ
987 3940 1117 4024 κόσμου,
1139 3962 1241 4024 quam

99 4087 264 4098 ἡ

129 4190 154 4254 1)
170 4192 212 4239 Vn.
230 4192 273 4249 11;
291 4192 322 4240 12
340 4192 410 4240 modo
429 4194 527 4251 τνεῦμοι
544 4194 591 4240 τοῦ
609 4191 663 4239 θεοῦ
682 4192 778 4249 dicitur,
797 4192 867 4240 modo
887 4194 985 4251 σνεῦμοι
1003 4193 1033 4240 τὸ
1052 4188 1080 4240 ἐκ
1097 4195 1143 4241 τοῦ
1159 4192 1219 4241 θεοῦ.

128 4271 153 4336 h)
177 4274 243 4322 Nota
265 4274 327 4323 illud
344 4272 387 4321 νοοῖ
402 4277 535 4334 λαλοῦμεν.
555 4276 612 4323 Non
630 4274 676 4339 ipsi
694 4274 803 4322 novimus
820 4277 915 4323 tantum
933 4275 1083 4339 pneumatica
1099 4292 1158 4339 quae
1176 4276 1236 4335 rint,

100 4354 133 4401 md
148 4357 247 4415 οτνεῦμοι
263 4372 308 4405 nos
324 4356 400 4420 adigit
420 4358 449 4405 ad
466 4356 618 4419 loquendum.

128 4436 151 4498 8)
167 4436 205 4485 cf.
220 4438 303 4502 hnfip.
322 4438 409 4487 Bacch.
429 4430 484 4496 lto,
495 4439 553 4494 200.
571 4438 620 4487 895
639 4433 672 4501 iq.
692 4438 756 4486 Plat.
774 4438 874 4502 Apolog.
893 4455 916 4503 p.
935 4438 967 4486 22
984 4454 1028 4502 sq,
1048 4438 1165 4503 imprimis
1183 4440 1235 4489 Ion.

101 4531 120 4578 p.
136 4520 194 4576 5355
213 4520 285 4583 [regg.
301 4537 325 4585 p.
345 4521 406 4578 804;
427 4521 525 4569 hicnon.
542 4536 566 4586 p.
586 4520 624 4569 99.
644 4521 705 4569 Cum
724 4521 738 4567 1
757 4520 867 4569 Corinth.
888 4522 910 4579 3,
931 4522 945 4567 5
963 4536 1077 4589 compone
1087 4522 1140 4569 Ion.
1153 4535 1177 4584 p.
1188 4522 1235 4569 534

101 4598 121 4642 ti
135 4598 229 4649 Thoan
247 4618 270 4667 p.
291 4603 347 4652 lto.
