3192 5325
529 911 576 977 De
601 911 711 994 capite
734 911 789 978 16.

136 1053 208 1118 Non
231 1051 356 1134 poterit
378 1051 441 1115 hoc
463 1053 566 1131 caput
585 1049 751 1114 iilustrare
770 1047 903 1114 illerum
922 1050 1113 1132 tempomm
1133 1053 1234 1120 histo·

85 1159 183 1224 riam.
207 1159 358 1238 Digitum
384 1157 593 1222 intendimus
614 1156 652 1221 in
672 1154 902 1240 difficultates,
922 1174 1008 1238 quae
1027 1162 1234 1240 sequuntur:

133 1267 241 1332 Versu
265 1265 374 1346 primo
398 1263 497 1340 ἁγίων
521 1263 656 1329 nomine
680 1263 866 1328 secundum
885 1281 937 1328 νε.
957 1265 1099 1330 tertium
1118 1266 1235 1332 intelli-

87 1374 214 1451 guntur
257 1370 438 1437 Christiani
479 1367 786 1451 Hierosolymitani.
831 1368 951 1435 Hicine
985 1371 1236 1452 appellabantur

86 1477 238 1543 absolute
265 1474 351 1552 ἅγιοι
378 1477 430 1554 (cf.
462 1476 566 1541 etiam
588 1492 640 1539 νε.
667 1471 753 1559 15)7
776 1474 861 1539 Tam
884 1475 946 1540 hoc
969 1478 1023 1541 est
1046 1476 1172 1542 mirum
1195 1481 1235 1543 ut

86 1585 150 1648 vix
171 1603 221 1650 νε.
248 1585 269 1649 3
291 1602 370 1649 cum
393 1601 445 1648 vs.
472 1581 489 1644 1
511 1581 712 1663 conjungere
733 1581 867 1646 audeas.
887 1581 1000 1647 Etiam
1020 1600 1072 1648 νε.
1093 1585 1135 1649 15
1148 1601 1236 1664 mag·
1291 1588 1296 1602 '

83 1706 170 1754 nam
190 1690 279 1771 parit
304 1689 555 1767 difficultatem
581 1703 641 1751 cur
664 1686 755 1752 enim
779 1685 970 1768 Stephanas
989 1687 1146 1755 Achaeus
1169 1690 1236 1755 offl-

85 1794 178 1859 cium
197 1813 298 1860 suum
321 1794 486 1877 pollicitus
509 1795 564 1859 est
586 1792 750 1858 Ecclesiae
775 1792 1123 1876 Hierosolymitanae?

133 1901 193 1965 Vs.
218 1901 239 1965 ὅ
263 1903 381 1966 manet
404 1898 529 1964 Paulus
548 1898 671 1980 Ephesi
689 1916 796 1980 usque
814 1900 857 1964 ad
877 1901 1093 1981 pentecosten
1107 1908 1167 1980 (νε.
1181 1902 1235 1989 8);

87 2007 205 2073 deinde
235 2009 311 2072 vult
341 2024 401 2088 per
428 2006 656 2071 Macedoniam
684 2005 885 2070 Corinthum
907 2007 955 2072 ire
979 2005 1044 2090 (vs.
1071 2006 1104 2093 5)
1127 2009 1238 2092 ibique

87 2111 194 2190 χρόνον
224 2119 295 2176 τινὰ
324 2112 538 2192 commorari;
564 2111 623 2176 sed
646 2111 750 2176 etiam
773 2111 845 2176 fieri
867 2115 996 2193 potest,
1022 2117 1063 2178 ut
1087 2114 1237 2180 Corinthi

89 2219 237 2285 hiemem
267 2237 337 2285 non
366 2219 535 2297 transigat
566 2218 625 2282 sed
657 2217 752 2283 initio
776 2217 905 2283 mensis
929 2217 1135 2300 Septembris
1157 2221 1239 2286 navi

88 2325 328 2408 Hierosolyma
349 2324 589 2405 proficiscatur.
623 2323 656 2388 A
677 2325 873 2404 pentecoste
897 2326 1068 2406 usquead
1092 2323 1239 2408 Septem·

87 2432 201 2497 brem·
219 2449 372 2498 mensem
406 2430 567 2509 exiguum
602 2429 819 2496 intervallum
849 2432 920 2496 est:
952 2448 1011 2496 cur
1040 2431 1240 2513 perdidisset

87 2541 226 2620 tempus
257 2537 348 2604 ultro
384 2537 531 2619 citroque
567 2538 694 2602 temere
729 2537 917 2602 currendo?
951 2537 1128 2604 Addidisse
1159 2540 1240 2604 haec

87 2645 240 2729 videtur,
273 2645 331 2727 qui
359 2661 443 2725 opus
467 2645 610 2710 colorare
633 2642 756 2727 voluit,
782 2660 845 2709 nec
867 2643 952 2710 satis
976 2644 1137 2725 cogitavit
1159 2648 1240 2711 tem·

88 2770 211 2833 porum
233 2755 270 2817 et
292 2750 439 2817 locorum
461 2750 647 2817 intervalla.

138 2859 199 2942 lis.
227 2859 270 2923 10
294 2859 372 2939 post
393 2858 410 2920 1
432 2856 504 2921 Gor.
527 2858 557 2938 4,
581 2859 620 2923 17
641 2857 890 2939 exspectaverit
909 2858 1076 2943 quispiam
1089 2857 1238 2943 nontdv,

90 2964 151 3030 sed
173 2958 249 3027 ὅταν
273 2963 306 3027 δὲ
329 2962 410 3043 irrep.
443 2963 612 3043 Quomodo
642 2980 680 3028 eo
710 2962 847 3029 consilio
869 2965 956 3045 quod
980 2968 1186 3031 memoratur
1209 2967 1240 3047 4,

93 3072 146 3153 17,
171 3070 370 3135 Timotheus
392 3069 486 3133 mitti
508 3069 618 3149 potuit
641 3068 683 3133 ab
706 3086 745 3133 eo
767 3069 824 3151 qui
848 3087 891 3135 ne
913 3070 974 3135 hoc
993 3071 1127 3151 quidem
1145 3071 1241 3137 novit

87 3176 241 3257 possitne
264 3176 337 3256 ipse
359 3171 488 3254 ἀφόβως
508 3172 637 3239 versari
654 3175 690 3238 et
707 3176 782 3239 tuto
802 3174 984 3256 relinquere
1003 3194 1078 3255 ees,
1099 3194 1241 3259 quorum

90 3300 195 3347 causa
225 3282 291 3346 iter
323 3279 543 3361 suscepisset;
576 3296 680 3361 quum
710 3281 907 3361 praesertim
939 3298 982 3347 ne
1004 3282 1083 3347 illud
1107 3282 1242 3365 quidem

91 3403 382 3469 supervacaneum
405 3386 452 3451 sit
475 3402 624 3451 monere:
650 3386 693 3459 μή
718 3409 765 3456 τις
791 3386 885 3450 αὐτὸν
908 3384 1107 3467 ἐξουθενήσῃ

139 3495 181 3560 In
204 3495 404 3560 universum
429 3495 445 3558 1
472 3492 544 3557 Cor.
571 3494 622 3575 16,
651 3493 761 3558 1-12
780 3492 841 3558 vix
861 3494 1071 3574 agnoscimus
1090 3512 1168 3561 eum
1185 3496 1244 3577 qui

93 3601 274 3682 scripserat
308 3601 325 3664 1
360 3598 508 3663 Corinth.
535 3599 566 3679 4,
594 3600 633 3665 17
658 3616 728 3680 sqq.
760 3599 852 3679 Quod
876 3600 1043 3666 incertum
1065 3605 1119 3667 est
1144 3604 1174 3683 4,
1202 3603 1243 3666 19

94 3725 217 3790 parum
247 3708 326 3788 apte
357 3705 534 3786 respondet
557 3704 672 3769 versui
699 3705 749 3786 16,
775 3704 806 3770 5.
842 3706 902 3771 Vs.
929 3708 979 3790 16,
1008 3708 1046 3771 11
1074 3706 1243 3786 ἐκδέχομαι

92 3814 213 3880 inutile
244 3816 298 3878 est
329 3813 406 3893 post
434 3813 464 3891 4,
494 3814 545 3876 17.
571 3806 705 3891 Siquis
729 3811 880 3876 mittitur
903 3814 975 3877 tam
998 3816 1151 3878 accurate
1174 3814 1241 3877 des·

93 3921 202 4001 cripte
223 3917 379 3998 consilio,
396 3919 634 3997 exspectamus
654 3932 735 3981 sane
745 3934 824 3982 eum
836 3916 1020 3983 rediturum
1032 3935 1115 3984 esse.
1129 3919 1243 3984 Anim-

93 4026 292 4094 adversione
315 4024 456 4103 dignum
478 4026 549 4103 est,
574 4021 705 4103 quoties
727 4022 763 4087 in
785 4022 948 4103 Epistulis
968 4023 1163 4089 Timotheus
1183 4026 1244 4089 hoc

96 4133 198 4199 modo
230 4133 265 4197 in
299 4147 435 4197 scenam
466 4128 619 4210 prodeat:
654 4129 669 4192 1
702 4128 773 4193 Oor.
799 4131 829 4209 4,
858 4128 897 4191 17
906 4148 915 4209 ;
942 4128 991 4209 16,
1020 4129 1078 4210 10;
1104 4128 1244 4210 Philipp.

97 4241 128 4320 2,
158 4238 217 4317 193
251 4239 267 4302 1
295 4236 411 4301 Thess.
438 4234 468 4315 3,
492 4234 523 4297 2.
548 4236 587 4315 6;
620 4234 718 4299 Hebr.
747 4234 798 4317 13,
825 4234 878 4298 23.
902 4232 1026 4298 Itidem
1051 4235 1067 4298 1
1093 4234 1164 4299 Cor.
1191 4235 1244 4316 16,

99 4346 141 4409 12
165 4343 344 4423 persuadet
368 4340 464 4407 nobis
480 4344 521 4406 ut
541 4340 716 4406 credamus
735 4340 914 4406 historicae
933 4339 1089 4405 veritatis
1101 4341 1245 4421 speciem

99 4452 172 4517 arte
207 4450 394 4530 quaesitam
428 4447 542 4513 fuisse.
580 4446 647 4511 Cur
676 4446 792 4528 Apollo
825 4447 914 4513 facta
945 4446 1009 4512 suit
1040 4448 1183 4529 mentio,
1217 4448 1246 4511 si

97 4556 239 4635 scriptor
258 4554 341 4620 nihii
366 4554 455 4619 aliud
480 4554 520 4618 de
544 4570 583 4617 eo
606 4552 781 4619 dicendum
803 4552 931 4632 habet?

1130 4670 1145 4721 r
