3192 5325
911 515 975 580 140

367 692 556 778 Platonem,
580 695 634 761 hic
657 694 787 762 Christo
811 695 971 763 tribuitur
992 697 1027 761 τὸ
1050 692 1139 766 ὄντας
1164 692 1259 763 sliat:
1284 714 1352 764 non
1375 697 1493 777 vulgari

366 815 468 864 sensu
491 799 645 868 Christus
664 805 818 870 mortuus
837 807 872 870 et
891 804 1044 886 sepultus
1062 821 1136 871 esse
1155 804 1295 886 dicitur,
1316 805 1396 869 Jesu
1414 804 1493 869 enim

367 911 514 973 merset
536 909 707 991 sepultura
729 912 903 993 praecipue
925 912 1116 978 referuntur
1139 913 1181 978 ad
1204 912 1313 995 ideae,
1336 927 1417 992 quae
1434 929 1492 976 non

366 1012 432 1078 nisi
465 1015 590 1080 mentis
624 1016 727 1082 oculis
756 1018 989 1098 comprehendi
1021 1021 1188 1099 possunt:
1220 1017 1233 1082 θ
1266 1016 1329 1094 ναι
1353 1015 1493 1081 ασσίανὼν

366 1117 559 1184 δεδικαίωται
593 1120 655 1184 dart
691 1129 745 1190 σιῖι
782 1123 950 1203 θμαμσίαε.
987 1125 1113 1203 Regula
1148 1124 1203 1190 illa
1237 1123 1400 1203 generalis
1432 1125 1491 1202 est,

364 1227 503 1294 minime
537 1233 626 1296 certe
656 1230 743 1312 quod
775 1248 850 1296 eam
881 1232 1043 1313 exemplis
1075 1231 1274 1314 quibusdam
1303 1248 1347 1296 ex
1370 1231 1493 1296 historia

364 1334 480 1414 petitis
502 1337 696 1403 confirmare
718 1355 913 1422 possumus,
939 1339 997 1404 sed
1020 1337 1185 1420 generalis
1208 1341 1283 1421 est,
1303 1337 1381 1421 qnia
1399 1355 1493 1404 exem-

365 1445 441 1506 tum
471 1445 525 1508 est
554 1443 713 1525 quidquid
740 1445 919 1510 fortuitum
951 1447 1013 1511 est.
1044 1446 1115 1527 Quo
1139 1462 1240 1512 sensu
1265 1446 1406 1528 scriptor
1427 1445 1496 1509 haec
1578 1449 1580 1522 ἶ

363 1547 465 1613 verba
482 1552 618 1630 accepta
637 1549 760 1634 voluit,
782 1551 873 1617 solus
893 1551 1047 1617 Christus
1068 1554 1222 1618 mortuus
1245 1554 1308 1617 est.
1333 1551 1493 1617 iistJesus
1578 1559 1580 1644 ᾗ

351 1654 377 1718 ’ί
401 1654 575 1732 ασνθανίνν,
599 1673 679 1723 nam
701 1659 856 1723 mortuus
879 1659 908 1722 is
931 1675 1005 1724 esse
1024 1658 1153 1742 dicitur,
1175 1658 1233 1740 qui
1254 1675 1375 1740 expers
1394 1657 1493 1722 factus
1579 1681 1580 1720 1

362 1763 415 1827 est
445 1762 655 1844 cupiditatis,
680 1780 765 1845 quae
787 1765 915 1846 peccati
938 1764 1028 1843 origo
1052 1767 1123 1830 est:
1149 1760 1162 1828 ὃ
1188 1765 1251 1844 γαρ
1274 1763 1440 1847 ασέθανεν,
1462 1769 1493 1842 σε

363 1866 503 1952 νὶμαμπία
527 1867 678 1934 αὶπίθανεν
701 1868 846 1949 ἐφάπαξ.

408 1971 472 2039 Sed
502 1993 563 2042 nos
593 1993 741 2059 quoque,
765 1980 928 2060 quotquot
952 1979 1024 2044 eius
1048 1977 1205 2058 σύμφυτοι
1230 1996 1366 2060 sumus,
1392 1978 1496 2044 eodem
1579 1997 1581 2020 ν

361 2079 415 2145 illo
437 2080 591 2147 interiore
611 2098 713 2148 sensu
735 2083 826 2148 idem
847 2085 978 2164 experti
1000 2102 1138 2169 sumus,
1165 2084 1252 2167 quod
1276 2084 1361 2150 alter
1384 2084 1494 2164 Adam,
1579 2097 1581 2128 ι’

361 2187 448 2268 quod
479 2186 632 2254 christus
654 2193 814 2271 expertus
837 2192 898 2256 est.
923 2191 998 2256 Non
1022 2191 1078 2256 diu
1104 2193 1357 2271 postfuturum
1380 2192 1413 2256 id
1435 2195 1495 2271 est;
1579 2195 1580 2200 ’

361 2292 428 2358 ime
456 2295 528 2376 jam
556 2312 647 2360 nunc
670 2294 889 2372 συνετάφημεν
914 2296 1015 2378 αὐτῷ,
1041 2300 1081 2362 nt
1105 2315 1184 2362 cum
1207 2315 1246 2362 eo
1268 2299 1383 2363 vivere
1405 2297 1496 2379 possi-

362 2417 449 2465 mus.
473 2399 597 2466 Sumus
620 2420 682 2468 nos
706 2401 863 2483 σύμφυτοι
887 2401 1018 2467 θανσίπσν
1042 2404 1137 2468 αὐτοῦ
1162 2403 1214 2467 καί
1237 2411 1292 2476 τῆς
1313 2403 1495 2474 θναεθσεως.

361 2505 530 2572 Nimirum
561 2506 575 2570 θ
599 2507 736 2578 παλαιὸς
759 2507 911 2586 ἄνθρωπος
937 2511 1162 2589 σννεεανμιθθν,
1188 2507 1238 2574 ἵνα
1263 2511 1444 2591 καταργηθῇ
1466 2510 1495 2574 πθ
1576 2506 1581 2601 ί

153 2622 156 2629 ’
255 2635 258 2639 *
361 2616 452 2688 σῶμα
477 2617 532 2683 σῆς
556 2611 725 2691 ἁμαρτίας.
749 2617 821 2683 Hoc
843 2617 985 2683 confessi
1009 2634 1145 2699 sumus,
1171 2634 1235 2699 quo
1258 2620 1408 2700 tempore
1431 2619 1498 2698 bap
1577 2605 1581 2697 Ξ

361 2719 459 2784 tincti
488 2737 625 2786 Sumus:
651 2721 886 2798 ἐβαπτίσθημεν
910 2725 952 2793 είς
976 2724 1026 2787 τὸν
1051 2723 1180 2787 θνίναπσν
1205 2725 1317 2807 αὐτοῦ,
1343 2728 1385 2789 ut
1407 2724 1497 2791 confi·

361 2828 509 2893 teremur
531 2844 610 2893 eum
632 2847 706 2895 esse
729 2834 902 2896 mortuum
927 2848 1051 2913 nosque
1075 2829 1176 2897 simul
1199 2848 1277 2896 cnm
1297 2849 1335 2897 eo
1355 2832 1499 2896 mortuos

361 2950 435 2999 esse
464 2944 502 3012 τῇ
534 2934 686 3019 θμαμσίμ.
709 2937 812 3003 Nunc
834 2938 960 3003 mortui
983 2955 1118 3019 sumne,
1143 2938 1175 3004 h.
1200 2956 1228 3002 e.
1253 2956 1346 3003 ncnc
1369 2938 1498 3003 demum
1578 2932 1579 2980 ί

360 3056 439 3105 vere
468 3040 634 3108 vivimus:
668 3040 760 3113 οὕτως
784 3041 835 3106 καί
863 3044 948 3119 ὑμεῖς
972 3041 1131 3123 λογίζεσθε
1157 3042 1282 3112 ἑαυτοὺς
1307 3042 1423 3120 νεαροὺς
1447 3042 1498 3119 μὲν

361 3154 399 3227 πῇ
424 3146 583 3230 ἁμαρτία,
608 3146 723 3228 ζῶντας
749 3148 779 3211 δὲ
803 3150 844 3229 τῷ
869 3150 922 3229 θεῷ
947 3149 977 3212 ἕν
1000 3149 1095 3229 χριεῷ
1122 3148 1229 3221 Ἰησοῦ.

408 3253 479 3318 Hoc
509 3255 736 3333 fragmentum
770 3256 948 3321 iudaicum
971 3256 1096 3321 Paulus
1118 3254 1303 3339 Episcopus
1328 3274 1500 3323 moresne
1579 3314 1580 3353 ,

277 3386 278 3389 ¹
360 3360 567 3425 retractavit.
588 3361 685 3450 Fecit
706 3362 843 3427 initium
867 3361 976 3434 εὐήθεια
1002 3360 1083 3424 σθνν
1103 3364 1247 3441 rogando
1268 3381 1318 3428 vs.
1334 3360 1501 3433 2ίειίσινει
1579 3356 1580 3360 ’

360 3464 553 3541 σθπεθθννμεν
585 3476 622 3545 τῇ
655 3466 815 3550 ἁμαρτία,
848 3469 910 3537 πῶς
945 3465 989 3531 ἔτι
1021 3466 1203 3551 ζήσομενὲν
1223 3471 1323 3547 αὐτῆς
1348 3474 1384 3535 et
1407 3470 1424 3544 ἢ
1449 3472 1502 3547 νίν·
1579 3464 1581 3503 ³3

360 3580 453 3638 νιεῖσε
480 3568 542 3658 θτι,
568 3592 647 3639 nam
671 3574 783 3655 ipsum
803 3575 1031 3655 fragmentum
1049 3575 1167 3657 incipit
1189 3593 1209 3640 a
1228 3573 1501 3661 pronominei'cor.
1581 3568 1582 3587 ³

360 3680 420 3745 Vs.
453 3681 472 3743 2
504 3680 689 3745 necessario
721 3681 934 3760 agnoscimus
970 3681 1123 3763 Episcopi
1156 3699 1314 3766 manum,
1355 3702 1435 3749 nam
1462 3702 1502 3749 ex

360 3786 448 3851 coelo
483 3788 519 3850 et
548 3786 698 3851 idearum
733 3786 864 3865 regione
897 3790 1033 3868 repente
1066 3787 1192 3869 delapsi
1216 3806 1335 3854 sumus
1359 3789 1395 3854 in
1418 3789 1503 3855 hunc
1578 3863 1582 3877 Ι

360 3892 542 3972 mundum,
566 3891 623 3972 qui
644 3892 747 3957 oculis
777 3893 933 3958 cernitur.
959 3892 1082 3959 Mortui
1106 3893 1190 3958 estis
1214 3897 1364 3978 peccat0,
1387 3895 1503 3960 vivitis

359 3996 444 4078 Dec,
469 3997 578 4077 inquit
601 3996 654 4061 ille
675 4015 725 4062 vs.
752 4000 811 4073 11,
838 4015 904 4063 non
928 4001 1089 4079 reputans
1112 4016 1192 4064 sane
1216 4017 1290 4064 eam
1314 4001 1424 4065 vitam
1442 4004 1502 4065 ter·

359 4106 517 4179 restrem‚
554 4104 611 4168 sed
635 4103 744 4168 vitam
766 4122 868 4185 quam
891 4098 1003 4169 multo
1022 4106 1135 4170 verius
1158 4106 1307 4170 vivimus
1330 4108 1503 4188 tamquam

361 4209 485 4275 Christi
509 4204 664 4285 σύμφυσιν
688 4227 727 4274 ac
753 4210 850 4291 plane
869 4207 1026 4290 idealiter,
1052 4211 1289 4276 convenienter
1313 4210 1415 4287 σε’νει,
1441 4229 1504 4293 quo

360 4315 543 4381 secundum
562 4314 778 4380 Aristotelem
798 4315 950 4381 omnium
970 4332 1081 4380 rerum
1102 4316 1196 4393 Φύσις
1209 4320 1374 4382 censetur.
1389 4320 1502 4397 ’Λμαμ

360 4420 414 4483 σία
439 4420 519 4495 ὑμῶν
547 4420 580 4483 σύ
604 4421 768 4497 νννιεύσει,
793 4421 903 4486 laetus
926 4422 1091 4487 exclamat
1115 4440 1165 4487 νε.
1198 4423 1256 4486 14:
1280 4423 1342 4487 hoc
1365 4441 1434 4491 non
1457 4442 1504 4491 ca-

357 4527 409 4610 pic
431 4527 554 4594 Paulus
577 4526 757 4609 Episcopus
779 4527 892 4608 itaque
914 4529 1026 4607 rogat:
1048 4532 1109 4597 πῶς
1132 4524 1175 4590 ἔπι
1198 4526 1328 4608 ζήσομεν
1349 4528 1379 4591 ἐν
1400 4528 1499 4611 εἱμαρ-
