3192 5325
652 552 696 618 49

150 735 385 802 Verumtamen
405 736 485 803 illud
505 733 677 799 σκάνδαλον
696 737 831 802 amabili
855 736 983 802 homini
1008 740 1043 802 et
1067 753 1245 815 generosae

111 840 216 906 indolis
236 843 331 922 longe
355 845 533 924 praecipua
555 859 609 907 res
632 845 715 908 erat.
740 843 906 922 Diligebat
929 861 1063 908 crucem
1082 846 1245 924 tanquam

110 948 283 1028 symbolum
306 949 542 1031 contumeliae,
567 965 634 1029 qua
657 949 756 1014 Jesus
781 950 921 1018 affectus
945 948 1055 1014 fuerat
1073 950 1125 1025 (ci.
1148 950 1243 1013 Rom.

112 1054 204 1134 1,16.
231 1057 246 1119 1
273 1054 422 1121 Corinth.
450 1052 485 1135 1',
513 1055 580 1137 23).
625 1054 772 1135 Scriptor
809 1055 957 1136 depingit
992 1073 1028 1120 se
1061 1055 1174 1136 ipsum
1208 1054 1243 1138 5,

113 1160 155 1223 11.
183 1161 282 1241 Quale
312 1162 374 1227 hoc
403 1162 545 1227 verbum
572 1164 626 1226 est
649 1161 685 1225 in
708 1163 862 1226 extrema
887 1161 1031 1242 epistula
1054 1163 1127 1227 tam
1150 1161 1246 1240 gravi

109 1267 232 1347 tamque
254 1268 487 1332 controversa!
518 1266 554 1331 Si
573 1264 660 1339 νόμος
686 1268 847 1348 impletur
869 1269 905 1332 in
930 1268 1009 1332 hoc:
1035 1268 1152 1348 diliges
1175 1285 1244 1349 pro-

107 1373 225 1439 ximum
255 1377 356 1439 tuum
379 1374 468 1440 siout
492 1375 679 1456 teipsum,
705 1391 817 1438 nonne
841 1391 1089 1456 supervacanea
1111 1375 1151 1439 fit
1173 1377 1246 1440 tota

107 1477 141 1542 de
160 1479 227 1558 lege
249 1479 461 1561 disputatio?
489 1477 656 1551 Ἐλθούσης
681 1487 734 1552 τῆς
760 1480 889 1554 rietur,
915 1480 1121 1546 exclamarai
1143 1481 1172 1563 3,
1191 1480 1243 1563 25,

103 1584 166 1665 jam
187 1602 252 1649 non
275 1602 396 1650 sumus
418 1585 483 1664 legi
505 1586 649 1651 obnoxii.
674 1586 759 1666 oure
783 1587 816 1651 id
841 1590 957 1652 nostra
980 1587 1098 1669 refert,
1125 1587 1155 1651 si
1178 1587 1244 1667 qui·

107 1689 174 1754 dem
194 1692 245 1755 lex
267 1690 351 1755 nihil
374 1691 607 1772 complectitur
631 1695 762 1774 praeter
785 1692 981 1757 universam
1004 1693 1245 1772 supersectam

106 1796 297 1863 cantatem?

146 1901 276 1983 Semper
299 1905 335 1969 in
358 1905 505 1972 Ecclesia
528 1906 719 1971 Christiana
739 1907 893 1971 homines
916 1907 1071 1987 fuerunt,
1096 1907 1153 1987 qui
1174 1907 1245 1974 sive

106 2008 257 2087 flagrante
286 2012 471 2078 certamine
494 2013 566 2078 sive
594 2029 675 2092 pace
695 2013 766 2094 jam
789 2012 990 2094 composita,
1030 2016 1107 2092 post
1130 2015 1244 2079 acerri-

106 2132 174 2180 mas
195 2117 336 2182 aliorum
359 2117 607 2200 dimicationem
629 2118 732 2182 verba
750 2117 975 2201 protulerrmt,
998 2136 1140 2198 quorum
1161 2120 1246 2184 mira

105 2219 292 2301 simplicitas
325 2240 459 2288 summa
491 2224 663 2288 suavitate
694 2223 825 2288 condita
848 2222 929 2288 aiios
952 2224 1064 2303 adegit
1087 2227 1128 2289 ut
1150 2242 1245 2305 quae-

104 2330 223 2408 rerent,
259 2331 395 2395 essetne
429 2345 546 2394 revera
580 2346 697 2411 operae
732 2330 880 2410 pretium
910 2332 984 2394 tam
1013 2347 1181 2410 pugnaces
1211 2333 1247 2395 et

104 2430 269 2498 iracundos
299 2451 383 2500 esse.
412 2434 488 2500 Non
518 2438 719 2515 promovent
749 2435 835 2498 tales
864 2435 1017 2500 homines
1041 2437 1243 2516 doctrinam;

102 2538 155 2602 sed
177 2539 352 2606 conciliant
375 2541 505 2606 animos
528 2544 563 2606 et
586 2541 769 2622 plurimum
792 2542 968 2606 conferunt
990 2543 1032 2606 ad
1051 2541 1245 2626 ecclesiasti

103 2661 156 2710 cae
175 2645 365 2727 disciplinae
384 2648 662 2714 emendationem.
681 2647 721 2712 In
740 2647 1025 2729 disputationibus
1038 2650 1077 2715 de
1089 2650 1245 2729 dogmate

103 2750 226 2818 aculeos
259 2753 441 2819 involvunt
471 2754 568 2836 quasi
600 2754 743 2835 pacifera
772 2755 887 2820 taenia
917 2772 960 2839 ne
991 2754 1070 2836 quid
1099 2754 1243 2819 laedant.

102 2855 164 2922 Ubi
182 2862 355 2939 exponunt
374 2878 429 2925 res
448 2862 527 2924 ante
548 2861 679 2939 gestas,
699 2859 788 2924 haud
809 2860 916 2939 magis
935 2864 1089 2925 accurate
1108 2858 1245 2924 veritati

103 2965 235 3031 student
257 2983 362 3047 quam
382 2965 436 3029 hic
455 2966 597 3046 scriptor
616 2965 725 3030 Galat.
749 2968 780 3038 1,
802 2966 906 3047 1-2,
932 2968 991 3046 14;
1009 2966 1067 3030 ubi
1087 2966 1243 3044 dogmata

102 3069 373 3154 interpretantur,
399 3072 571 3137 affirmant
594 3071 676 3136 dum
700 3074 828 3150 negant
851 3074 887 3137 et
911 3074 1037 3150 negant
1057 3072 1139 3135 dum
1158 3069 1243 3135 affir-

103 3181 208 3260 mant,
234 3178 336 3243 sicuti
360 3178 400 3243 fit
424 3178 496 3243 Gal.
523 3177 554 3252 2,
582 3177 700 3257 14-6,
729 3179 780 3242 18.
806 3176 870 3242 Sed
894 3177 1032 3243 tandem
1054 3176 1179 3240 multos
1203 3175 1244 3239 ad

104 3298 136 3346 se
165 3280 330 3364 alliciunt;
355 3286 436 3348 sunt
464 3283 521 3364 qui
550 3282 757 3347 delectentur
780 3284 959 3349 sententiis
990 3283 1121 3348 sortiter
1144 3298 1244 3347 enun-

103 3387 210 3469 ciatis,
242 3388 357 3469 quales
387 3390 470 3454 sunt
500 3386 571 3453 Gal.
598 3390 628 3470 2,
654 3388 688 3469 5;
714 3388 868 3464 6ve15,
894 3390 932 3470 23
956 3389 1011 3453 aiii
1035 3388 1246 3453 admirantur

103 3494 304 3560 concordiam
334 3494 500 3576 depictam
531 3495 560 3576 2,
593 3496 614 3557 9
644 3493 698 3559 vel
729 3493 900 3574 splendide
931 3493 1114 3569 dictum5‚
1142 3493 1245 3558 1111

102 3602 171 3677 post
198 3600 407 3665 saeculorum
435 3600 630 3679 decursum,
662 3598 794 3679 sepulta
825 3599 917 3665 omni
940 3600 1070 3665 illorum
1093 3597 1243 3664 certami-

104 3721 179 3771 num
202 3705 379 3787 memon'a,
403 3708 463 3771 vix
486 3705 564 3771 licet
586 3706 746 3785 suspicari
771 3706 852 3772 haec
878 3706 991 3771 omnia
1015 3724 1033 3770 e
1058 3702 1241 3769 diversissi-

104 3811 162 3877 mis
184 3811 334 3878 iontibus
357 3811 566 3892 profiuxisse.
