3192 5325
670 474 735 541 283

126 659 283 738 pertinet,
311 658 417 722 sicubi
443 659 616 739 quaeritur
639 659 753 723 sintne
776 659 947 739 Epistulae
969 660 1134 738 qaaaiaae
1158 675 1279 740 necne3

128 781 189 829 nos
213 767 328 828 autem
361 764 646 843 investigavimus
669 765 758 829 sitne
781 765 913 828 illarum
936 764 1165 845 Epistularum
1187 781 1279 844 argu·

127 873 284 936 mentum
297 871 439 952 simplex
452 871 621 935 duntaxat
642 874 677 935 et
697 889 814 935 unum.
839 870 1150 936 Additamentailla
1162 889 1280 951 parum

126 993 303 1058 curamus,
333 994 414 1041 nam
450 977 672 1057 quantumvis
707 978 816 1041 multa
850 976 1027 1059 deleveris,
1067 995 1133 1042 non
1165 979 1281 1042 tamen

127 1083 294 1147 obtinebis
319 1086 359 1146 ut
383 1083 509 1163 reliqua
533 1082 732 1147 cohaereant
755 1085 791 1146 et
817 1100 884 1147 uno
908 1084 1025 1147 tenore
1048 1085 1234 1147 decurrant.

173 1188 250 1252 Jam
274 1188 432 1253 venimus
456 1189 498 1252 ad
519 1188 670 1266 singulas
693 1187 855 1267 epistulas
874 1205 913 1253 ac
935 1189 1082 1267 primum
1095 1189 1280 1271 adEpista·

127 1295 179 1358 las
203 1295 249 1359 ad
274 1295 583 1359 lbessaloaiccasas.

173 1401 200 1464 Ι.
226 1401 280 1464 Ad
301 1418 464 1481 quosnam
489 1401 613 1481 scripta
636 1405 690 1465 est
701 1402 810 1481 prima
819 1402 862 1465 ad
874 1401 1186 1468 Thessalonicenses
1197 1403 1280 1481 epis-

127 1508 226 1571 tula‘?
253 1506 444 1588 Respondet
476 1507 691 1570 Holstenius:
722 1508 763 1571 ad
792 1507 973 1572 Ecclesiam
997 1525 1080 1588 quae
1104 1509 1281 1573 constabat

131 1613 151 1676 J
155 1612 269 1676 udaeis
292 1616 327 1676 et
351 1612 559 1691 Gentilibus,
593 1616 708 1676 contra
731 1616 904 1678 asseverat
927 1613 1155 1692 Hilgenfeldus
1178 1614 1281 1678 fuisse

126 1735 202 1782 eam
225 1718 318 1802 „eine
338 1718 534 1781 wesentlicb
555 1718 920 1782 Heiden·christliche.'’
944 1719 1017 1783 Hoc
1040 1719 1142 1797 igitur
1161 1737 1281 1800 parum

128 1827 271 1890 constat.

172 1930 214 1994 Π.
240 1930 338 1994 Unde
358 1933 496 2009 repente
523 1931 674 1996 lThess.
701 1933 738 2011 4,
764 1931 824 1994 13:
851 1931 922 2004 „die
946 1931 1176 2008 Belehmngen
1201 1932 1282 1996 iiber

126 2037 179 2100 die
204 2036 393 2100 Pamsie?''
418 2037 669 2103 Holtzmannus
693 2037 821 2101 insistit
841 2038 994 2116 vestigiis
1012 2037 1107 2101 Pauli
1131 2033 1281 2102 Schmidt

126 2145 161 2207 et
187 2141 384 2222 respondet:
411 2143 668 2228 „Besprechung
699 2143 756 2207 der
788 2143 951 2207 eusdem
981 2143 1136 2208 sruheren
1159 2144 1281 2208 heidni-

128 2249 231 2313 schen
264 2248 375 2312 Leben
407 2249 465 2313 der
498 2248 803 2327 Gemeindeglieder
831 2249 1080 2313 herruhrenden
1112 2247 1282 2314 sittlichen

126 2355 278 2420 Schaden
299 2352 344 2436 (4,
373 2353 496 2436 1-12)
516 2355 612 2418 leitet
633 2357 715 2419 iiber
733 2374 775 2419 nu
795 2356 861 2419 den
880 2355 1113 2434 Bciabraapea
1134 2356 1216 2419 iiber
1228 2354 1281 2420 die

129 2461 302 2526 Parusie.''
326 2462 398 2525 Hoc
418 2461 551 2540 quidem
570 2445 692 2525 falsum
716 2463 779 2524 est:
806 2460 881 2524 vide
906 2460 1003 2524 modo
1025 2451 1072 2520 ba
1088 2460 1131 2534 a)
1145 2463 1281 2532 λυπῆσθε

128 2570 163 2632 et
191 2574 404 2644 παρακαλεῖτε
431 2567 585 2638 ἀλλήλους
612 2572 692 2643 (vss.
720 2567 760 2630 13
774 2570 809 2630 et
825 2566 891 2650 18).
910 2566 972 2645 Qui
996 2567 1130 2645 scripsit
1153 2584 1222 2631 vss
1240 2568 1280 2631 13

128 2693 200 2755 sqq.
225 2691 293 2738 non
326 2674 401 2738 vult
429 2672 632 2759 „belehren''‚
665 2674 740 2738 vult
763 2673 924 2739 consolari
947 2673 1046 2753 idque
1068 2674 1206 2738 minime
1229 2692 1280 2738 ex-

130 2781 367 2860 spectabamus
405 2781 483 2859 post
521 2778 693 2843 duodecim
724 2779 850 2859 priores
887 2795 1007 2843 versus
1041 2780 1141 2861 hujus
1171 2780 1282 2860 quarti

129 2886 259 2966 capitis.

172 2991 229 3055 ΙΠ.
269 2991 375 3070 Quam
399 3008 537 3056 causam
569 2992 710 3071 scriptor
734 2991 852 3055 habuit
880 3008 938 3054 cur
959 2992 1121 3055 scriberet
1139 2992 1281 3057 alteram

128 3098 345 3178 Epistulam?
380 3098 573 3178 Respondet
595 3098 865 3162 Holtzmannus:
895 3114 974 3181 „nur
997 3096 1185 3177 Belebrung
1202 3098 1283 3162 iiber

128 3204 193 3268 den
218 3203 288 3281 rag
321 3204 379 3268 des
403 3205 532 3284 Herm,
566 3205 623 3267 der
650 3204 734 3269 noch
763 3203 858 3267 nicht
882 3201 923 3266 da
955 3203 1027 3266 sein
1058 3204 1184 3268 kann.”
1209 3205 1305 3269 Hoc·

129 3308 255 3373 scilicet
275 3309 395 3373 nititur
416 3311 650 3391 conjunctione
670 3312 707 3378 ὡς
722 3304 765 3371 ὅτι
787 3311 828 3390 (2,
844 3311 875 3385 E)
897 3332 936 3363 :
948 3313 1119 3391 inaquam.
1144 3311 1283 3375 Rectius

127 3417 245 3477 tamen
269 3418 382 3479 vertes
407 3417 564 3495 qaoaiara
587 3416 700 3496 itaque
723 3433 826 3480 causa
849 3434 950 3496 quam
983 3415 1123 3495 scriptor
1146 3416 1279 3497 habuit,

128 3520 257 3583 incerta
276 3522 329 3583 est
352 3520 493 3600 indeque
517 3520 694 3585 consilium
713 3522 748 3585 in
761 3523 900 3586 obscuro
920 3524 974 3585 est
998 3521 1049 3598 (ci.
1062 3538 1164 3600 supra
1176 3540 1206 3601 p.
1218 3522 1281 3598 22).

177 3626 236 3690 IV.
262 3626 375 3704 Pergit
397 3627 662 3692 Holtzmannus:
699 3628 784 3713 „Der
808 3629 901 3693 Briei
920 3629 965 3692 ist
988 3628 1200 3706 geschrieben
1223 3646 1283 3692 um

129 3731 182 3794 die
204 3730 476 3813 apokalyptische
499 3733 727 3811 Eschatolcgie
745 3734 780 3797 in
802 3734 854 3797 die
873 3732 1077 3814 pauliniscbe
1090 3733 1283 3797 Godanken·

129 3838 211 3902 welt
244 3855 286 3901 nu
310 3839 541 3917 iibertragen.”
584 3840 686 3919 Quasi
713 3838 962 3903 Holtzmannus
985 3856 1060 3903 eam
1095 3838 1282 3903 Gedaalrea-

129 3944 203 4007 welt
226 3944 326 4022 probe
349 3948 473 4009 nosset.
513 3942 606 4007 Πόθεν
631 3944 798 4019 §alcman
826 3944 873 4007 οὐ
898 3942 978 4021 paim

244 4048 401 4131 Epistula
424 4051 469 4114 ad
495 4050 641 4115 Galatas.

177 4156 202 4218 l.
240 4155 332 4234 Quod
355 4156 397 4219 ad
421 4156 507 4219 hanc
530 4155 709 4237 epistulam
731 4158 874 4238 attinet,
908 4175 993 4238 quae
1017 4160 1071 4221 est
1094 4158 1135 4222 de
1155 4158 1283 4222 ratione
1409 4216 1411 4221 ,

130 4261 220 4324 inter
254 4260 461 4325 Christianos
493 4265 528 4324 et
553 4262 712 4344 iudaeos,
746 4264 895 4328 nondum
927 4265 1012 4329 satis
1038 4267 1188 4346 constat,
1222 4265 1283 4339 „cb

130 4367 191 4430 das
214 4365 366 4467 judisclre
398 4365 551 4431 Element
574 4367 660 4431 auch
683 4368 718 4431 in
741 4369 799 4432 der
823 4369 1153 4449 Christengemeinde
1176 4369 1281 4453 (Gala-

131 4472 261 4555 tarum)
285 4474 455 4536 vertreten
478 4473 571 4538 uar’'
595 4471 683 4555 (pag.
709 4474 794 4551 234).
1270 4482 1271 4485 ’
