3192 5325
900 549 962 614 132

404 730 477 794 Hoc
506 731 561 794 eat
582 732 820 810 argumentum
843 747 1003 796 versuum
1027 749 1096 797 vsa.
1121 732 1238 813 1-12,
1261 729 1318 796 sed
1338 729 1494 811 quaedam

359 834 483 901 Paulus
505 836 688 918 Episcopus
710 836 942 920 interpolavit,
966 837 1073 904 veluti
1090 855 1143 904 vs.
1166 838 1186 903 5
1206 835 1257 899 τὸν
1276 836 1393 916 ἀσεβῆ,
1412 850 1493 916 quae

359 942 467 1007 stulta
499 945 552 1008 est
585 943 812 1024 exaggeratio,
835 944 1118 1024 quemadmodum
1149 945 1179 1028 3,
1206 945 1246 1008 21
1273 945 1326 1006 οὐκ
1349 940 1383 1018 ἐξ
1404 939 1493 1017 ἔργον

359 1045 449 1121 νόμον
472 1046 600 1114 factum
623 1050 677 1112 est
699 1046 791 1126 χωρὶς
815 1045 916 1124 νόμον.
940 1049 1057 1132 Itaque
1080 1050 1236 1116 docemur
1258 1049 1424 1114 hominem
1442 1047 1493 1110 fla·

358 1152 450 1233 gitiis
472 1158 664 1236 coopertum
687 1153 749 1220 Dei
770 1155 880 1234 gratia
901 1155 1059 1222 declarari
1081 1156 1245 1222 Decesse
1267 1158 1410 1234 gratum.
1433 1151 1493 1216 Sed

358 1259 492 1325 etiamsi
523 1260 618 1326 hodie
641 1277 771 1342 quoqne
793 1261 959 1343 poeticam
981 1261 1177 1334 facultatem
1199 1281 1221 1327 a
1242 1261 1303 1326 Dei
1325 1261 1493 1340 gratiore

357 1367 469 1446 petere
500 1365 683 1451 soleamne,
713 1384 812 1434 nemo
843 1370 958 1434 tamen
989 1371 1162 1451 propterea
1192 1369 1286 1433 facile
1309 1365 1491 1447 crediderit,

359 1469 486 1536 malum
509 1475 644 1552 poetam
666 1473 727 1538 Dei
748 1475 856 1553 gratia
879 1474 1044 1555 insignem
1066 1475 1198 1541 laudern
1218 1475 1375 1557 consequi
1392 1489 1493 1555 posse.

358 1577 427 1642 Nec
461 1581 577 1644 nostra
611 1596 652 1644 ea
685 1579 908 1667 exaggeratio
928 1584 1000 1648 eet:
1032 1582 1179 1648 Judaeus
1210 1580 1318 1646 Deum
1346 1577 1494 1645 describit

357 1683 401 1768 (3,
437 1684 494 1768 26)
526 1683 702 1748 δικαιοῦντα
731 1685 783 1749 τὸν
815 1686 851 1750 εἰι
882 1686 1012 1765 artesae,
1042 1688 1167 1754 Paulus
1189 1686 1373 1769 Episcopus
1394 1685 1496 1750 Deum

358 1789 403 1875 (4,
430 1791 464 1874 5)
489 1788 664 1855 δικαιοῦντα
688 1791 740 1855 τδν
763 1791 876 1869 οίοεβῆ.

406 1899 470 1964 Est
493 1898 559 1964 aba
581 1898 792 1982 interpolatio
815 1917 886 1966 vss.
911 1900 1000 1966 6-9
1013 1898 1039 1985 1)
1063 1901 1177 1983 itaque
1195 1903 1348 1966 remanet
1363 1897 1493 1978 antiqua

357 2005 811 2088 pars:4,1-5;10-12.

403 2107 558 2192 Sequitur
592 2112 738 2177 aiterum
771 2113 1010 2180 documentum
1044 2113 1130 2196 quod
1160 2112 1279 2194 incipit
1309 2129 1330 2177 a
1361 2129 1410 2176 νε.
1444 2109 1490 2174 13.

356 2218 429 2284 Ηθο
450 2221 503 2283 est
524 2217 605 2283 illud
628 2218 718 2284 unde
741 2220 881 2302 scriptor
904 2220 1137 2302 proficiscitur:
1156 2220 1246 2302 quod
1270 2218 1365 2284 Deus
1382 2215 1491 2298 pollici·

356 2326 415 2390 tus
437 2328 508 2408 est,
533 2324 567 2389 id
590 2327 705 2391 ratum
728 2342 803 2392 esse
829 2344 897 2393 non
920 2330 1048 2412 potest,
1075 2314 1141 2393 n'isi
1163 2326 1262 2391 homo
1280 2325 1381 2391 fidem
1399 2323 1490 2388 habu-

355 2431 429 2497 erit.
459 2430 685 2512 Quantumvis
715 2432 890 2499 Abraham
913 2435 988 2515 pius
1009 2433 1144 2513 diisset,
1169 2448 1234 2513 quo
1256 2435 1404 2512 tempore
1427 2446 1490 2510 pro·

356 2536 471 2602 missio
502 2536 592 2602 iacta
622 2541 688 2622 est,
721 2556 789 2604 non
819 2558 859 2606 ea
889 2543 1004 2607 tamen
1033 2543 1108 2605 rata
1129 2556 1203 2604 esse
1224 2537 1405 2620 potuisset,
1429 2534 1490 2600 nisi

357 2644 456 2711 fidem
479 2643 662 2710 habuisset.
686 2645 805 2727 Itaque
829 2647 1128 2714 demonstrandum
1149 2647 1203 2713 est
1225 2644 1329 2712 talem
1345 2643 1490 2709 Abrahae

355 2751 459 2816 fuisse
483 2750 583 2815 fidem
607 2751 705 2832 idque
727 2753 767 2819 fit
790 2772 858 2819 vas
888 2755 928 2819 13
949 2772 1029 2838 sqq,
1051 2771 1194 2836 quorum
1214 2752 1419 2833 primitivam
1436 2748 1490 2814 for·

355 2874 449 2923 mam
471 2856 532 2922 hoo
555 2856 703 2924 maxime
725 2860 822 2925 modo
844 2860 956 2927 licebit
978 2861 1174 2927 restituere:

405 2964 451 3028 ot
476 2961 539 3042 γὰρ
563 2961 614 3027 διὸ
637 2962 728 3041 νόμον
753 2966 770 3040 ἦ
794 2965 979 3044 ἐπαγγελία
1002 2966 1044 3046 τῷ
1069 2964 1223 3044 Ἀβραὰμ
1242 2962 1438 3042 πεπλήρωται
1459 2959 1489 3023 τί

359 3069 540 3151 κληρονόμον
571 3070 665 3135 αὑτὸν
695 3065 773 3135 εἶναι
806 3072 936 3156 κόσμον,
971 3072 1059 3137 οίλλίι
1083 3072 1133 3135 διοδ
1157 3069 1344 3143 δικαιοσύνης
1368 3069 1489 3142 τίσεως,

356 3179 453 3247 καθίει
486 3174 689 3260 γέγραπται,
712 3173 758 3241 ίτι
782 3176 905 3258 πατέρα
929 3184 1051 3243 πολλῶν
1076 3178 1161 3243 ἐθνῶν
1182 3175 1305 3241 τίίεικιί
1330 3198 1380 3241 τε·
1405 3170 1490 3240 κοιτί-

354 3305 440 3348 ναντι
471 3277 504 3345 οὗ
540 3282 683 3350 ε’πίςευοε
715 3283 787 3361 παρ’
811 3284 924 3348 ἐλπίδα
950 3283 1000 3348 ἐπ’
1025 3283 1143 3369 ἐλπίδι,
1159 3283 1221 3366 Ιιιοιί
1246 3282 1415 3358 ἀσθενήσας
1439 3278 1489 3358 μὲν

355 3399 394 3471 τῇ
419 3387 501 3455 πίςει
526 3388 590 3453 art.
615 3390 787 3471 usquead
810 3408 861 3457 vs.
887 3393 927 3457 21
953 3390 1028 3457 incl.
1042 3387 1077 3469 ⁸).

361 3571 534 3582 *nnn-nm—

381 3679 407 3740 1)
430 3676 533 3727 Minima
554 3676 602 3726 huo
623 3674 745 3741 pertinent
761 3690 844 3723 varana
869 3675 950 3728 Paalm
967 3672 1006 3732 32,
1028 3673 1053 3732 l;
1072 3672 1095 3731 2,
1114 3672 1156 3737 qni
1172 3670 1271 3721 violenti
1288 3670 1360 3721 modo
1377 3670 1402 3721 in
1420 3669 1486 3719 aliurn

356 3776 449 3811 aenanm
473 3760 562 3810 detorti
584 3762 648 3808 aunt.
671 3760 752 3823 Quum
775 3757 804 3806 da
829 3756 918 3805 Davida
939 3771 1016 3805 aarmo
1034 3756 1074 3812 at,
1092 3771 1135 3820 par
1151 3755 1187 3803 fae
1203 3757 1228 3804 et
1244 3753 1310 3803 naias
1326 3753 1373 3803 hnc
1389 3752 1487 3803 trahitur

355 3845 384 3896 de
400 3843 526 3909 praeputio
542 3841 650 3907 quaestio
655 3862 662 3899 ς
681 3839 765 3889 deinde
783 3838 877 3888 reditur
893 3838 919 3889 in
936 3838 999 3888 viam
1017 3853 1061 3902 ope
1078 3837 1215 3888 verborum:
1232 3832 1341 3898 λέγομεν
1355 3830 1486 3899 puppas

354 3926 399 3975 hoc
423 3925 552 3991 quidquam
575 3939 697 3982 curamus,
722 3937 778 3971 nam
798 3921 928 3981 secundum
948 3936 983 3970 va.
1006 3920 1065 3969 tiu
1081 3918 1326 3985 tantum-quaeritur
1342 3918 1400 3983 quid
1425 3918 1488 3967 Satn

356 4009 474 4074 scriptura
491 4009 580 4057 doceat.

389 4093 414 4153 2)
439 4092 511 4140 Hnnc
529 4090 607 4140 locum
633 4092 789 4139 retractatum
807 4103 856 4137 aare
871 4086 983 4136 afficimus
1001 4084 1030 4134 1⁰
1048 4101 1077 4135 ax
1093 4101 1138 4135 aaa.
1157 4086 1201 4144 143
1220 4084 1260 4143 lt,
1280 4082 1320 4133 nbi
1338 4082 1441 4148 permira
1454 4068 1490 4128 in·'

354 4174 450 4224 venitur
472 4173 635 4223 ratiocinatio:
660 4173 708 4221 Iex
731 4175 779 4230 eat,
806 4187 852 4235 qna
878 4169 958 4218 divina
980 4169 1018 4218 ira
1035 4168 1163 4217 excitatur:
1183 4180 1308 4216 numerosa
1325 4164 1448 4231 progenies
1463 4159 1486 4209 ab

356 4259 400 4306 Dei
423 4258 460 4305 ira
483 4273 530 4305 non
553 4260 588 4305 eat
613 4255 752 4320 repetenda:
777 4253 843 4318 atqui
861 4267 917 4316 crgo
933 4252 972 4301 lex
989 4268 1036 4300 non
1053 4266 1123 4300 cansa
1139 4250 1186 4299 fuit
1204 4263 1247 4298 cnr
1264 4246 1386 4297 Abraham
1402 4249 1486 4295 tantam

355 4339 492 4405 progeniem
508 4339 612 4388 haberat.
632 4336 714 4387 Maior·
730 4336 793 4387 nihil
809 4339 845 4384 eat
862 4334 908 4384 nisi
926 4336 1001 4399 figura
1018 4349 1046 4383 ax
1059 4333 1164 4383 oratoria
1181 4336 1232 4381 arte
1247 4327 1485 4379 deanmtanaoaolent

355 4423 441 4471 Judaai
464 4422 514 4484 tui,
538 4438 597 4486 quoa
615 4421 757 4485 jamdudum
775 4420 921 4485 quaerimus,
940 4421 989 4467 tam
1006 4417 1154 4482 negligenter
1171 4414 1283 4472 scribam
1303 4413 1333 4462 2⁰
1351 4428 1379 4461 ex
1396 4428 1441 4462 aaa.
1458 4409 1484 4457 18

355 4508 379 4553 ct
397 4506 441 4559 14,
459 4504 545 4568 quibua
562 4502 668 4551 varaibna
686 4502 723 4551 bia
736 4502 799 4551 idam
815 4500 915 4559 dicitur3
936 4502 965 4549 3ο
983 4516 1010 4549 ex
1028 4498 1191 4563 conjunctione
1208 4496 1300 4562 saepius
1317 4496 1419 4560 repetita
1435 4493 1483 4557 (νεε-

355 4588 397 4649 13;
417 4588 462 4647 14;
482 4589 538 4652 lt);
556 4584 587 4635 4⁰
605 4602 633 4635 cr
650 4600 683 4634 va.
695 4584 741 4633 15b
764 4577 805 4649 (ot
823 4581 850 4632 δὲ
868 4580 912 4632 οὐκ
928 4581 969 4641 aa
986 4584 1073 4644 νόμος,
1090 4578 1147 4631 οὐδὲ
1164 4578 1329 4644 anecdotum:
1340 4578 1404 4642 qnod
1421 4588 1486 4641 neque
