3192 5325
629 537 693 602 raa
732 500 737 546 4

95 715 179 781 cione
210 717 368 799 subjungi
403 720 517 785 versui
550 721 603 785 24.
636 720 728 786 Haec
756 720 846 798 origo
869 737 920 786 vs.
946 720 1020 800 26⁸,
1042 736 1109 799 ¹quo
1130 718 1232 784 nimis

94 820 239 902 languide
270 824 412 890 iteratur
445 825 496 887 διαὶ
528 831 617 890 ταῦτα
649 826 831 908 παρέδωκεν,
856 826 942 906 quod
969 827 1059 891 recte
1085 825 1233 906 positum

94 927 196 994 fuerat
224 948 275 995 vs.
309 932 361 995 24.
397 931 498 998 Plane
529 934 644 998 eudem
666 933 765 998 modo
793 928 868 1013 27¹>3
895 931 936 997 28
960 932 1167 1015 inserviunt,
1192 933 1233 996 ut

94 1036 250 1101 transitus
281 1038 342 1102 liat
372 1057 392 1103 a
422 1057 473 1103 vs.
507 1040 564 1105 27³
593 1040 635 1104 ad
668 1057 737 1104 vss.
771 1039 915 1104 29-32.
940 1039 1009 1104 Nec
1031 1039 1140 1118 magis
1161 1055 1232 1103 uss.

95 1142 217 1205 29-31
241 1142 451 1209 intellectum
475 1145 540 1209 fuit
564 1145 642 1225 quid
663 1145 769 1210 dicere
789 1144 932 1210 voluerit
951 1144 981 1209 is
1001 1145 1055 1210 cui
1073 1144 1233 1225 antiquis-

95 1246 209 1312 simam
231 1252 362 1329 partem
385 1251 562 1330 debemus,
588 1250 688 1315 sicuti
710 1250 855 1315 eflicitur
876 1268 895 1315 e
916 1250 1088 1333 participio
1113 1264 1234 1322 πεπλη-

94 1351 242 1428 ρωμένους.
266 1355 331 1419 Hic
352 1356 492 1420 tradidit
515 1355 606 1422 Deus
630 1355 780 1421 Gentiles
800 1357 873 1438 jam
897 1354 1042 1438 repletos
1061 1358 1153 1423 omni
1176 1357 1234 1421 ini·

93 1458 231 1541 quitate;
263 1461 321 1542 qui
355 1465 472 1528 autem
501 1462 635 1544 scripsit
667 1479 717 1527 vs.
748 1463 788 1526 18
814 1479 894 1544 sqq,
919 1463 971 1527 uti
993 1479 1138 1544 aequum
1162 1465 1232 1544 est,

94 1565 291 1644 scripsisset:
323 1565 497 1645 παρέδωκεν
528 1568 641 1636 αὐτοὺς
671 1604 703 1615 -
733 1565 782 1630 ἵνα
815 1569 991 1647 πληρώσειε.
1030 1569 1145 1649 Neque
1181 1568 1235 1632 hic

93 1672 262 1736 verborum
285 1690 423 1739 suorum
445 1674 517 1738 vim
539 1673 731 1753 infregisset
749 1674 953 1754 flagitiorum
964 1674 1231 1757 enumeratione,

94 1793 174 1856 quae
193 1778 303 1858 turpia
326 1779 462 1860 quidem
484 1783 583 1864 sunt,
610 1780 668 1845 sed
691 1780 821 1862 proprie
841 1798 907 1845 non
927 1781 1096 1861 pertinent
1114 1781 1156 1845 ad
1175 1782 1234 1846 hu-

93 1899 206 1948 manae
233 1886 374 1949 naturae
404 1886 701 1971 7,1111111111111112
726 1886 790 1950 Sed
803 1885 937 1951 Paulus
960 1887 1143 1969 Episcopus
1167 1905 1235 1953 non

93 1989 120 2053 is
150 1992 218 2072 est,
249 1990 307 2071 qui
341 1992 627 2076 „corruptionem”
659 1994 749 2057 tanti
773 1993 880 2058 facere
903 1993 1021 2058 debeat
1044 1996 1235 2059 111111111-

93 2094 154 2180 cat
178 2096 358 2162 Gentilium
380 2097 629 2163 accusationem
651 2098 816 2164 contineri
838 2097 892 2164 illo
915 2099 1112 2180 praegnanti
1134 2100 1234 2164 verbo

95 2202 333 2275 μεταλλάττειν.
366 2205 533 2269 Ramenta
565 2205 698 2271 mavult
728 2222 831 2285 quam
858 2206 931 2270 auri
959 2221 1117 2270 massam.
1142 2205 1234 2271 Gom·

94 2312 251 2375 memorat
274 2308 317 2373 ταὶ
337 2308 419 2380 πάθη
444 2309 576 2384 ἀτιμίας
600 2310 699 2394 (quae
721 2328 828 2391 poena
850 2315 904 2376 est
924 2313 1057 2393 propter
1076 2312 1234 2377 honorem

94 2412 158 2478 Deo
186 2415 388 2495 denegatum
420 2416 565 2501 261111,
590 2418 676 2497 quod
698 2434 804 2498 paene
828 2417 951 2499 puerile
974 2420 1043 2501 est,
1069 2419 1157 2483 idem
1181 2435 1255 2499 ap.

94 2521 189 2599 pellat
218 2522 252 2584 τὸ
286 2529 381 2586 ποιεῖν
409 2524 450 2586 τὰ
475 2525 519 2598 μὴ
544 2525 725 2595 καθήκοντα.
755 2524 964 2590 Perversitas
989 2524 1173 2590 Gentilium
1193 2525 1235 2589 fit

95 2628 249 2707 quaedam
273 2629 451 2707 αὶττιμτσθία
476 2626 566 2716 (271),
592 2649 693 2713 quam
718 2629 843 2697 scilicet
865 2624 1107 2713 interpretatur
1129 2631 1234 2698 stulto

94 2731 143 2797 illo
171 2728 204 2806 ἣν
234 2733 303 2802 ἔδει.
334 2738 447 2819 anue
478 2740 644 2822 pericope,
678 2756 763 2819 quae
794 2738 951 2803 inchoata
973 2738 1083 2805 iuerat
1105 2742 1147 2805 ab
1170 2740 1234 2807 illis

96 2838 291 2908 solemnibus
321 2862 360 2909 ac
391 2846 459 2909 iere
489 2845 692 2927 propheticis
722 2845 852 2909 verbis:
884 2844 1145 2909 ἀποκαλύπτεται
1171 2847 1234 2925 γὰρ

94 2942 162 3021 ὅργῆ
191 2948 255 3011 θεοῦ
289 2950 346 3011 ἀπ’
378 2952 503 3027 οὐρανοῦ
528 2949 579 3014 ἐπὶ
604 2953 710 3014 πᾶσαν
731 2950 914 3026 εὐσέβειαν,
938 2955 1116 3033 postquam
1138 2954 1235 3019 initio

95 3050 316 3121 demonstrata
350 3056 415 3121 fuit
451 3058 610 3123 revelatio
644 3057 705 3122 Dei
735 3057 820 3138 irae,
849 3059 1025 3138 tamquam
1055 3060 1091 3123 in
1121 3063 1235 3125 atrum

94 3159 212 3237 piscem
230 3163 371 3249 desinit,
392 3182 473 3230 nam
493 3164 616 3230 Paulus
636 3165 819 3247 Episcopus
837 3164 876 3229 de
893 3182 985 3230 more
996 3182 1055 3247 pro
1067 3166 1236 3247 praesenti

96 3266 237 3348 tempore
250 3270 404 3335 ulturum
423 3274 561 3353 tempus
581 3288 765 3354 usurpans,
788 3271 926 3336 tandem
946 3270 1095 3352 ineptam
1107 3272 1235 3338 clausu·

94 3369 156 3437 lam
174 3374 317 3457 imponit
336 3394 387 3441 Vs.
409 3378 452 3442 32
463 3397 471 3441 :
492 3378 517 3440 oi
540 3380 673 3440 rorabant
693 3375 879 3455 πράσσοντες
901 3373 978 3449 ἄξιοι
998 3374 1130 3441 θανάτου
1151 3379 1234 3445 εἰσίν.

136 3479 210 3545 Vss.
235 3483 386 3565 18-243
409 3485 483 3565 26³;
505 3484 562 3549 271
582 3482 664 3549 nihil
684 3484 781 3565 plane
801 3484 891 3548 inest
910 3482 996 3563 quod
1010 3483 1236 3551 Christianam

98 3600 229 3653 manum
262 3589 389 3668 prodat.
419 3592 476 3655 An
500 3590 712 3655 Christianus
736 3592 856 3671 sponte
879 3587 1058 3655 devolutus
1080 3594 1171 3655 esset
1193 3591 1236 3656 ad

98 3693 311 3775 sententiam,
337 3694 444 3761 Deum
469 3695 618 3762 Gentiles
637 3695 878 3777 cupiditatibus
898 3694 1075 3760 tradidisse
1095 3696 1137 3763 εἰς
1160 3697 1236 3759 aaa·

97 3792 212 3872 θαρσίαν
247 3797 311 3882 (vs.
343 3801 421 3878 ab?
451 3800 507 3866 An
535 3801 763 3867 contendisset
786 3818 919 3866 morum
943 3801 1152 3881 corruptione
1175 3802 1236 3868 Dei

96 3901 174 3971 iram
208 3906 306 3971 unice
342 3907 475 3971 ostendi
509 3907 563 3973 vel
594 3907 666 3972 sine
696 3905 906 3972 restrictione
937 3906 1016 3972 solis
1048 3906 1236 3973 Gentilibus

97 4011 267 4077 nefandam
292 4012 458 4078 Venerem
482 4012 707 4079 affricuisset?
730 4013 823 4093 Quod
841 4012 877 4076 in
894 4012 948 4077 his
967 4013 1121 4078 versibus
1134 4016 1236 4095 caput

96 4118 143 4180 est
174 4104 339 4184 Semitam
365 4107 505 4201 redolet,
531 4119 589 4200 qui
610 4136 719 4184 unum
742 4118 852 4183 Deum
873 4118 1004 4199 adorat;
1028 4117 1076 4183 sic
1100 4119 1236 4185 demum

100 4221 262 4289 efferimur
284 4242 387 4306 supra
409 4243 542 4291 mamm
564 4226 678 4290 lusum
700 4224 888 4289 verborum.
913 4222 1031 4289 Cultus
1053 4226 1236 4304 peregrino·

100 4342 169 4394 rum
192 4330 345 4414 deorum,
371 4350 471 4413 quem
493 4332 677 4413 Prophetae
698 4332 801 4396 toties
820 4332 1015 4413 vetuerant,
1034 4347 1133 4413 saepe
1152 4350 1235 4401 mas-

106 4436 207 4501 culam
233 4436 400 4504 Venerem
418 4439 575 4505 comitem
594 4439 756 4504 habebat:
776 4438 825 4505 sic
843 4436 961 4504 Erech.
980 4454 1051 4521 cap.
1066 4439 1108 4502 16
1128 4456 1238 4506 sermo

97 4537 134 4604 -fit
166 4543 207 4608 de
242 4545 378 4610 natione
409 4546 638 4611 israelitarum
660 4562 738 4610 cum
765 4561 895 4630 ,sorore
917 4542 1089 4615 schemat
1113 4543 1158 4611 ut
1181 4545 1237 4612 Go-
1376 4630 1379 4635 Δ
1406 4534 1416 4549 ’
