3192 5325
914 510 958 574 64

401 686 460 751 IV.
486 688 634 755 Tandem
656 690 814 757 audimus
839 692 950 757 virum
974 694 1100 757 bonum
1123 693 1271 775 quidem,
1299 691 1357 758 sed
1383 690 1446 771 qui
1467 688 1513 771 ju·

356 793 440 859 dicio
462 795 552 861 haud
575 796 677 862 nimis
701 795 802 862 valet.
828 796 901 862 Hoc
923 798 995 877 agit
1017 798 1185 879 imprimis
1204 801 1247 862 ut
1265 797 1380 863 omnia
1399 795 1514 860 ordine

355 898 450 962 fiant.
482 901 619 980 Ignorat
650 919 735 983 quae
769 901 849 967 olim
882 902 985 967 tuerit
1015 902 1219 982 glossolaliae
1252 902 1348 967 ratio.
1376 900 1514 979 Ignorat

356 1020 433 1069 eam
463 1005 666 1084 glossolaliae
697 1026 775 1073 cum
804 1009 977 1089 prophetia
1007 1010 1299 1092 comparationem.
1335 1007 1431 1073 Satis
1463 1009 1514 1069 est

356 1125 473 1175 omnes
497 1113 677 1196 aedificari,
705 1130 812 1194 neque
835 1115 876 1179 de
898 1132 939 1180 ea
961 1116 1190 1181 aedificatione
1214 1114 1400 1181 admodum
1425 1128 1513 1189 mag·

355 1214 454 1279 nitioa
479 1218 605 1284 scribit.

403 1322 575 1409 Psalmus,
597 1326 765 1403 doctrina,
786 1327 1011 1411 apocalypsis,
1033 1326 1239 1407 glossolalia:
1261 1326 1374 1393 omnia
1386 1326 1420 1391 ei
1434 1327 1514 1390 sunt

356 1427 472 1493 eodem
507 1430 576 1497 loco
611 1435 646 1497 et
683 1432 807 1498 honore
841 1432 906 1516 (vs.
940 1435 1003 1509 26,
1037 1450 1181 1515 quocum
1214 1433 1254 1499 cf.
1290 1433 1341 1512 14,
1366 1433 1420 1513 6);
1446 1428 1515 1494 fieri

357 1536 470 1614 potest
504 1539 544 1601 ut
576 1538 652 1618 quis
684 1538 745 1602 σ’νσὶ
776 1535 864 1617 μέρος
897 1539 932 1604 in
964 1540 1186 1618 glossolaliam
1217 1538 1343 1603 incidat
1365 1537 1515 1615 adeoque

356 1640 564 1708 obliviscitur
588 1660 667 1709 eum
686 1646 744 1725 qui
763 1642 891 1721 γλώσση
913 1644 1044 1710 locutus
1063 1645 1183 1728 fuerit,
1199 1642 1386 1709 necessario
1400 1643 1515 1723 ipsum

357 1761 420 1810 sua
449 1749 554 1814 verba
577 1750 791 1831 interpretari
824 1751 958 1834 debere,
990 1755 1031 1816 ut
1062 1770 1115 1817 vs.
1140 1753 1203 1839 27¹3
1229 1752 1272 1815 28
1296 1750 1517 1829 interpretem

357 1852 491 1918 collocet
519 1856 621 1937 juxt-a
652 1861 721 1923 tres
752 1855 879 1935 νλώσση
911 1860 1097 1926 λσιλσῦσσσις.
1137 1857 1224 1937 Quin
1247 1859 1283 1921 et
1305 1854 1404 1936 plane
1428 1852 1515 1931 igno-

356 1974 436 2023 rans
467 1962 607 2027 tacitam
638 1963 876 2042 glossolaliam
903 1962 1077 2029 deficiente
1100 1964 1284 2044 interprete
1308 1958 1359 2023 τὸν
1382 1958 1514 2035 padari

358 2069 519 2129 λαλοῦντα
543 2069 654 2134 iacere
677 2069 783 2151 jubet.

402 2171 503 2236 Hlud:
526 2174 559 2235 οὐ
579 2171 643 2251 γάρ
666 2176 727 2241 ε’ςιν
748 2174 973 2245 decretoriae
994 2175 1083 2245 tosti
1098 2173 1172 2238 ἀλλ’
1186 2174 1301 2250 εἰρήνης
1315 2171 1380 2257 (vs.
1396 2171 1457 2254 33)
1472 2166 1512 2248 ¹),

359 2280 515 2358 proponit
540 2282 636 2347 nobis
659 2282 802 2373 Paulum
824 2283 1027 2364 Episcopum
1051 2286 1132 2347 ante
1154 2282 1276 2346 oculos.
1309 2280 1426 2345 Etiam
1443 2294 1511 2341 vss.

358 2383 493 2449 37-40
524 2386 734 2467 (quocunque
770 2388 907 2453 tandem
942 2388 1039 2453 modo
1069 2387 1246 2469 legantur),
1284 2385 1455 2467 placidum
1477 2398 1513 2445 ac

358 2489 441 2553 mite
465 2490 637 2570 ingenium
661 2493 822 2574 pellucet:
848 2493 1012 2559 Concedet
1034 2493 1283 2574 unusquisque,
1309 2508 1417 2572 quum
1437 2490 1512 2553 frat-

356 2611 410 2659 res
428 2596 626 2664 adhortatur
644 2602 685 2664 ut
703 2600 817 2665 omnia
837 2600 951 2666 ordine
974 2600 1074 2684 fiant,
1097 2582 1179 2665 'eum
1200 2598 1434 2665 commendare
1455 2594 1512 2659 Do·

357 2701 440 2766 mini
461 2703 669 2770 mandatum.
689 2706 813 2786 Quodsi
833 2706 910 2786 quis
929 2707 991 2771 hoo
1003 2706 1117 2770 minus
1129 2705 1304 2784 intelligit,
1318 2720 1380 2768 suo
1390 2701 1512 2785 judicio

356 2805 489 2871 fruatur
512 2814 575 2886 (vs.
601 2810 670 2885 38).
692 2811 779 2877 illud.
801 2811 844 2885 μη
866 2809 1001 2874 κωλύετε
1013 2811 1078 2895 (vs.
1107 2810 1163 2893 39)
1187 2810 1355 2892 imprimis
1378 2809 1511 2874 homine

357 2912 498 2990 dignum
521 2918 591 2980 est:
613 2918 725 2982 confer
743 2918 841 2983 modo
861 2918 948 2999 quod
965 2916 1060 2996 longe
1080 2917 1212 2982 diverso
1231 2915 1329 2981 modo
1349 2915 1512 2996 scriptum

356 3021 411 3084 est
432 3021 443 3082 1
472 3019 543 3086 Cor.
566 3022 616 3103 14,
645 3023 696 3088 18.
717 3023 789 3089 Hoc
813 3024 989 3105 episcopus
1009 3041 1089 3105 prae
1105 3022 1226 3088 ceteris
1244 3021 1333 3104 agit,
1347 3023 1388 3085 ut
1400 3020 1512 3085 omnia

357 3125 443 3191 fiant
467 3126 665 3206 εὐσχημόνως
690 3128 742 3191 rai
768 3129 854 3191 κατὰ
878 3127 968 3204 τάξιν
991 3137 1055 3214 (vs.
1083 3129 1139 3208 40)
1155 3128 1191 3213 ²).
1216 3128 1282 3192 Hic
1303 3127 1407 3206 igitur
1430 3126 1510 3205 glos·

357 3230 472 3296 eolalia
495 3235 612 3299 turbat
636 3237 811 3315 receptum
835 3236 1001 3316 ordinem;
1025 3235 1189 3300 toleratur
1211 3251 1316 3315 quum
1341 3220 1511 3298 nesciatur

357 3336 436 3415 quid
467 3338 629 3406 instituto
653 3344 726 3406 tam
750 3342 836 3407 miro
858 3342 1048 3407 faciendum
1071 3341 1127 3406 sit.

396 3529 423 3593 1)
451 3528 508 3576 Post
529 3544 563 3576 11.
588 3529 619 3576 33
638 3527 775 3576 collocando
791 3527 875 3577 verba:
895 3523 939 3575 ἐὰν
957 3525 984 3575 δὲ
1002 3525 1096 3583 πάντες
1115 3523 1316 3588 προφητεύωσιν,
1333 3522 1467 3574 εἷσὲλθωσι
1484 3521 1508 3570 δὲ

362 3609 474 3666 iterim,
498 3607 542 3658 σιἰν
566 3605 660 3670 ἐροῦσιν
685 3607 724 3656 ὅτι
748 3608 879 3671 μαίνεσθε,
903 3626 964 3674 quae
981 3609 1052 3657 hodie
1069 3625 1194 3675 perperam
1212 3609 1326 3672 leguntur
1343 3623 1388 3656 vsa
1407 3606 1456 3666 23;
1475 3607 1510 3653 24.

360 3694 422 3742 Vide
442 3707 521 3758 supra.
1024 3704 1029 3709 ·

395 3775 422 3839 3)
448 3774 515 3822 inira
539 3773 668 3823 redibimus
688 3774 717 3822 ed
741 3788 776 3822 11.
794 3773 927 3837 Ι333-33,
951 3772 1036 3836 quibus
1053 3770 1131 3821 verbis
1147 3771 1271 3836 quaeritur
1288 3771 1408 3835 quomodo
1424 3770 1513 3819 mulier

360 3855 386 3904 in
411 3854 509 3904 ecclesie
534 3871 558 3904 ee
583 3857 704 3920 praestare
731 3853 821 3904 debeat.
850 3855 891 3903 Vs,
911 3857 960 3914 -14,
987 3855 1018 3902 ³5
1045 3853 1146 3902 collatus
1169 3853 1263 3912 11117,
1284 3854 1315 3903 12
1333 3868 1393 3917 sqq„
1412 3849 1513 3900 neentis

360 3937 461 4002 originis
484 3953 533 3986 esre
557 3937 664 4001 videtur3
685 3935 1333 4006 311111111111111111110111111111111-1111111111
1352 3935 1515 3984 Christianum

360 4019 446 4069 hebere
469 4021 591 4070 meritum.
621 4021 689 4069 Idem
712 4019 888 4078 concludimus,
911 4019 1024 4084 quonism
1048 4019 1088 4068 hic
1105 4019 1198 4068 diversa
1215 4019 1291 4068 cilicie
1308 4020 1399 4068 dantur
1415 4017 1480 4068 viris
1494 4019 1514 4065 et

361 4100 514 4161 mulieribus,
540 4103 604 4166 qnod
631 4101 702 4150 aliter
729 4101 887 4151 constitutum
914 4102 993 4151 inerat
1016 4101 1070 4151 Gal.
1095 4103 1118 4162 3,
1141 4102 1186 4160 283
1207 4101 1261 4164 jam
1283 4101 1349 4150 enirn
1366 4100 1514 4150 intellectum

360 4182 439 4232 inerat
466 4183 492 4232 in
521 4183 590 4233 rebus
618 4183 730 4239 humenis
756 4183 929 4248 perfectionem
951 4199 998 4232 non
1020 4199 1091 4249 poem
1114 4183 1244 4249 praester-i,
1268 4199 1297 4232 ne
1314 4183 1417 4233 nimium
1434 4197 1513 4233 111111

361 4268 459 4314 ruerent
484 4266 511 4315 in
536 4266 610 4332 peius.
637 4265 745 4328 Denique
768 4266 940 4314 attendendum
961 4268 998 4314 ert
1020 4267 1064 4316 ad:
1089 4264 1122 4322 ὡς
1138 4260 1164 4313 ἐν
1180 4263 1276 4322 πάσαις
1294 4259 1353 4322 ταῖς
1371 4261 1514 4322 ἐκκλησίαις

362 4345 407 4410 (11.
433 4347 504 4413 38b):
527 4349 608 4413 itaque
632 4348 658 4398 in
682 4345 794 4396 omnibns
811 4346 916 4396 ecclesiis
931 4346 1054 4412 postulant
1071 4347 1171 4396 eandem
1186 4362 1305 4396 11111111.
1331 4347 1413 4397 Etiam
1431 4363 1469 4396 11.
1487 4346 1513 4394 36

361 4427 400 4476 hio
416 4429 521 4494 intelligi
539 4431 634 4494 nequit,
652 4445 709 4480 1111
726 4429 782 4492 quie
801 4429 829 4477 de
847 4428 987 4479 mulieribus
1004 4429 1031 4479 in
1048 4445 1076 4479 eo
1093 4445 1164 4479 11111
1181 4428 1276 4493 egitur,
1293 4428 1358 4478 infra
1376 4439 1429 4479 eret
1447 4429 1513 4478 eade

363 4525 392 4560 11
409 4511 502 4561 dicendi
520 4513 592 4562 locus.
