3192 5325
631 537 695 603 117

97 745 243 810 personae
277 728 530 810 ignobilitatem.
567 729 664 795 Nunc
695 728 840 794 Ecclesia
870 729 910 794 de
940 732 1074 811 pastore
1097 732 1226 796 rectum

95 836 245 918 judicium
278 836 373 902 feret.
409 835 494 902 (ium
521 835 679 919 infirmor,
710 835 834 920 inquit,
868 839 951 901 tunc
981 839 1100 918 potens
1132 854 1228 902 sum:

97 959 149 1023 ego
169 962 189 1009 a
211 944 307 1009 vobis
328 944 428 1009 debui
450 943 684 1009 commendari.
708 944 828 1010 Omnia
851 945 953 1010 habet
975 943 1115 1025 apostoli
1135 944 1230 1024 signa

97 1050 349 1132 necquidquam
371 1052 424 1116 est
446 1066 505 1115 eur
528 1049 709 1115 Ecclesiam
731 1051 876 1132 pastoris
900 1051 952 1116 sui
977 1051 1147 1132 poeniteat
1161 1047 1194 1128 1).

134 1157 206 1222 lam
232 1173 335 1223 causa
356 1157 438 1222 vicit
460 1157 559 1238 idque
582 1156 613 1222 ei
635 1158 709 1222 tam
733 1173 932 1237 persuasum
955 1161 1025 1238 est,
1051 1160 1092 1222 ut
1116 1174 1226 1239 prope-

97 1263 175 1329 diem
202 1267 368 1330 venturus
391 1264 446 1329 sit.
479 1263 554 1329 Non
578 1263 691 1329 omnia
713 1280 752 1329 eo
776 1266 870 1330 statu
893 1263 1043 1330 inveniet
1067 1281 1131 1345 quo
1155 1281 1224 1346 spe·

96 1374 192 1451 rarat,
227 1371 286 1436 sed
319 1370 424 1436 etiam
453 1367 600 1436 Ecclesia
631 1372 805 1435 mutatum
834 1370 1005 1435 hominem
1036 1371 1226 1450 comperiet.

97 1475 258 1542 Venturae
288 1478 343 1541 est
373 1493 434 1542 nec
463 1479 577 1558 parcet
609 1476 785 1542 malitiosis
809 1476 999 1542 hominibus
1023 1478 1058 1541 et
1081 1477 1227 1542 salutare

96 1580 215 1647 frenum
244 1583 522 1648 detractantibus.
554 1582 644 1648 Deus
667 1599 746 1647 eum
769 1599 837 1648 non
860 1582 1000 1647 deseret.
1035 1583 1127 1647 Ante
1152 1583 1226 1647 scri-

94 1686 151 1769 bit,
185 1705 225 1752 ne
257 1689 421 1753 severitas
450 1689 682 1769 inexspectata
713 1688 774 1772 sit,
808 1689 867 1752 sed
899 1705 989 1753 nuno
1018 1704 1148 1768 quoque
1168 1689 1225 1770 J'us

94 1809 185 1859 suum
206 1812 273 1860 non
297 1793 472 1877 usurpabit
495 1795 561 1860 nisi
583 1794 624 1860 ad
648 1794 813 1860 Ecclesiae
839 1795 1051 1859 commodum
1066 1793 1098 1870 ²).

132 1899 219 1965 Haec
248 1900 352 1980 igitur
383 1901 495 1966 omnia
526 1901 696 1982 pertinent
718 1901 761 1965 ad
783 1899 1020 1966 absolvendam
1045 1899 1225 1978 imaginem

92 2004 176 2070 Pauli
206 2006 376 2087 Episcopi,
410 2023 471 2071 nec
502 2009 691 2086 repugnant
722 2005 866 2086 reliquae
890 2006 1060 2087 pericopae
1083 2023 1167 2086 quas
1191 2006 1226 2070 in

91 2113 356 2192 praecedentibus
383 2113 550 2194 capitibus
580 2113 611 2178 ei
641 2113 904 2192 adsignavimus.
933 2112 1061 2194 Ubique
1084 2114 1225 2193 pellucet

93 2218 253 2297 ingenium
284 2220 447 2301 hominiS,
472 2220 526 2285 cui
549 2235 649 2301 saepe
671 2220 813 2285 adversa
836 2219 971 2284 fortuna
995 2219 1075 2299 fuit,
1103 2220 1160 2300 qui
1183 2221 1224 2285 de

91 2339 122 2387 se
149 2325 219 2406 ipso
247 2343 366 2406 parum
390 2325 564 2406 magnifice
588 2325 709 2406 sentit,
735 2341 796 2390 nec
820 2325 1017 2404 dedignatur
1041 2326 1225 2407 apologiam

91 2432 238 2516 scribere,
271 2431 329 2514 qui
359 2450 494 2498 summa
521 2432 734 2498 humanitate
757 2432 930 2513 praeditus
953 2416 1007 2497 est
1028 2450 1068 2498 ac
1090 2434 1224 2514 proinde

90 2536 191 2602 differt
221 2539 367 2604 invisere
398 2539 587 2620 ecclesiam,
619 2556 661 2604 ne
693 2538 777 2604 forte
798 2539 921 2604 nimias
944 2556 1068 2620 poenas
1091 2558 1224 2608 sumere

91 2647 236 2727 cogatur,
262 2647 320 2728 qui
342 2645 540 2712 offensiones
563 2645 676 2711 sedulo
694 2645 784 2711 vitat
803 2661 998 2728 semperque
1016 2648 1058 2713 ab
1076 2649 1222 2716 moribus

90 2752 244 2831 optimam
263 2753 349 2834 petit
368 2753 421 2817 sui
440 2754 939 2819 commendationemzhominis
951 2754 1092 2835 denique
1104 2773 1224 2837 parurn

89 2859 228 2941 superbi,
255 2859 312 2923 sed
337 2859 469 2939 qualem
488 2858 678 2924 Christiana
697 2858 809 2938 religio
828 2865 912 2924 tunc
932 2859 1156 2927 desiderabat:
1177 2864 1223 2927 ni·

89 2965 205 3029 mirum
227 2966 285 3045 qui
306 2965 405 3046 plane
426 2965 625 3030 abhorrebat
643 2966 685 3030 ab
709 2961 895 3031 Stoicomm
918 2965 1122 3047 philosophia
1144 2986 1223 3034 oum

88 3068 136 3134 illa
164 3072 281 3137 audaci
309 3072 419 3137 ethica
442 3073 478 3136 et
501 3072 619 3136 altiora
640 3070 785 3152 petenti,
810 3071 864 3136 illo
888 3072 1007 3137 doloris
1030 3076 1220 3156 contemtu,
1239 3129 1241 3133 .

88 3175 135 3241 illo
165 3180 294 3244 asserto
322 3180 397 3260 jure
420 3178 457 3242 in
480 3179 589 3244 vitam
611 3178 794 3261 propriam,
820 3178 874 3244 1110
897 3180 939 3245 ab
962 3180 1054 3245 ritae
1078 3180 1221 3247 veritate

88 3283 220 3351 deflexu.

546 3470 686 3547 '§3.

213 3653 395 3734 Quaeritur
417 3652 457 3717 de
477 3653 762 3756 fragmentorum·
767 3653 945 3736 primitiva
967 3654 1088 3734 formo.

125 3834 195 3901 Duo
225 3839 356 3902 restant
379 3836 418 3901 de
441 3836 562 3918 quibus
585 3838 755 3917 praeterea
779 3837 1006 3917 quaerendum
1029 3840 1123 3939 nobis
1146 3841 1220 3907 erit.

89 3938 228 4008 Primum
264 3943 425 4024 quomodo
460 3960 503 4008 ex
536 3945 716 4007 retractato
752 3942 908 4023 opusculo
944 3944 1038 4009 Pauli
1068 3945 1221 4029 Episcopi

89 4052 152 4114 orta
174 4050 221 4114 sit
243 4049 299 4115 illa
321 4065 424 4130 quarn
446 4049 608 4115 habemus
627 4048 772 4114 secunda
792 4050 835 4114 ad
853 4049 1040 4117 Corinthios
1057 4052 1219 4133 Epistula.

89 4151 202 4220 Deinde
239 4156 269 4220 si
303 4154 437 4236 quidem
468 4155 664 4236 opusculum
696 4154 790 4221 Pauli
820 4155 974 4237 Episcopi
1005 4157 1094 4222 inter
1126 4160 1220 4225 docu-

117 4424 142 4490 1)
159 4426 216 4491 Cep.
235 4426 275 4485 la,
294 4426 324 4474 ll
342 4442 392 4491 sqq.

117 4506 142 4563 21
165 4508 222 4573 Cap.
248 4508 289 4567 12,
312 4508 419 4569 20—18,
442 4510 470 4569 a;
497 4511 527 4559 10
544 4510 672 4576 (quantum
688 4512 784 4576 quidem
801 4513 865 4562 hunc
882 4512 999 4563 decimum
1015 4529 1110 4565 versum
1126 4515 1217 4566 intelli-

91 4585 177 4653 gnus).
