3192 5325
617 540 681 605 139

76 731 183 779 camur
210 717 246 782 in
277 720 440 800 sanguino
472 721 578 803 ipsius
604 723 669 806 (vs.
694 722 738 806 9),
764 725 1022 790 reconciliamur
1052 740 1111 805 per
1133 724 1215 790 Jesu

78 823 212 888 mortem
244 823 305 906 (νε.
336 827 400 911 10),
433 828 575 894 neodum
606 829 690 896 salvi
714 847 834 895 sumus
859 833 901 896 ab
925 831 1038 897 divina
1060 830 1127 896 ira:
1151 829 1213 896 hoo

76 928 160 994 enim
186 931 221 995 in
248 931 362 1000 futuro
391 937 445 1001 est
475 935 516 1000 of.
540 953 591 1001 νε.
618 933 663 1001 9b.
700 936 815 1019 Neque
840 955 909 1003 vss.
937 938 1066 1004 15-21
1092 936 1213 1002 Redao-

75 1037 127 1100 tor
153 1037 251 1103 ullam
282 1057 420 1106 oausam
451 1042 560 1124 videt,
592 1060 652 1109 our
674 1043 789 1109 redeat
812 1043 854 1108 ad
878 1061 1018 1127 nexum,
1045 1059 1109 1124 quo
1133 1043 1214 1108 Jesu

76 1140 194 1208 effusus
227 1146 365 1226 sanguis
392 1164 472 1212 oum
502 1151 617 1215 nostra
648 1149 757 1216 salute
788 1151 990 1233 oonjunotus
1021 1153 1084 1215 est.
1121 1148 1215 1231 Quod

76 1248 196 1315 abunde
218 1253 315 1318 nobis
337 1256 508 1336 apparuit,
533 1255 672 1321 minime
695 1256 904 1335 dogmaticus
924 1257 987 1320 est.
1013 1254 1104 1336 Quod
1115 1255 1214 1320 Jesus

76 1370 132 1433 pro
151 1357 344 1424 mortalibus
367 1377 410 1426 ne
432 1361 517 1428 mori
536 1362 669 1443 quidem
687 1361 873 1443 recusavit,
887 1361 957 1450 ¹hoo
976 1378 1057 1437 eum
1070 1359 1212 1426 deleotat

76 1457 167 1540 idque
187 1463 223 1527 in
246 1462 333 1530 clara
355 1466 428 1532 luoe
451 1469 562 1548 ponit,
588 1470 754 1548 quantum
778 1467 912 1549 quidem
936 1465 1058 1548 aliquid
1078 1465 1213 1532 inclara

77 1565 145 1631 tuoe
164 1585 283 1648 ponere
306 1574 434 1654 potest,
459 1591 529 1639 νεε.
554 1575 653 1638 6-8.
677 1575 750 1639 Hoo
771 1573 843 1654 agit
865 1577 905 1638 ut
927 1573 1086 1654 appareat
1110 1593 1214 1651 περισ-

78 1671 167 1735 σεύειν
199 1674 254 1746 τὴν
269 1662 387 1760 χάριν,
412 1697 493 1745 nam
515 1676 608 1760 χάριν
631 1682 667 1745 et
690 1678 838 1759 χάρισμα
862 1678 978 1744 eodem
1001 1678 1070 1744 loco
1094 1678 1212 1761 habet,

77 1795 134 1844 neo
154 1783 257 1850 sentit
280 1785 359 1866 quid
382 1785 518 1851 intersit
540 1787 628 1852 inter
650 1781 742 1865 χάριν
765 1790 800 1852 ot
823 1783 969 1864 χάρισμα
994 1785 1029 1849 et
1053 1781 1162 1862 tapeto
1184 1783 1213 1848 ε’ν

76 1884 185 1965 κέντε.
220 1891 306 1972 Quin
337 1893 373 1956 et
402 1892 553 1972 oogitans
576 1910 729 1959 severam
754 1893 880 1975 Moysis
903 1892 1026 1974 legem,
1052 1890 1216 1958 delabitur

76 1995 115 2058 ad
144 1995 328 2075 παράδοξον
364 1997 468 2074 Νόμος
499 1997 531 2062 δὲ
555 2000 773 2077 παρεισῆλθεν,
799 1996 849 2062 ἵνα
874 1995 1029 2076 πλεσνιὶσρ
1052 1997 1086 2062 πὸ
1111 1995 1216 2088 παρα-

76 2122 201 2176 irrorare·
221 2099 255 2167 σῦ
271 2103 303 2168 δὲ
323 2103 507 2169 ἐπλεόνασεν
527 2108 544 2181 ἡ
562 2105 723 2185 ἁμαρτία,
739 2104 1026 2186 ὑπερεπερίσσευσεν
1040 2100 1161 2183 rixatur
1178 2103 1214 2181 ¹).

117 2208 154 2272 In
174 2211 289 2277 eadem
313 2213 480 2278 sententia
502 2216 633 2295 perstat
657 2215 687 2296 6,
716 2217 732 2279 1
758 2216 935 2295 rogatque:
961 2210 1153 2287 ἐπιμένωμεν
1172 2217 1212 2288 σῇ

79 2311 229 2397 ἁμαρτία,
260 2312 310 2380 ἵνα
339 2320 356 2390 ἦ
388 2317 481 2398 χάρις
514 2318 688 2399 auroram
721 2319 900 2385 Dialectici}
923 2319 1042 2385 Suadet
1065 2319 1106 2382 ut
1129 2314 1213 2380 affir-

77 2436 217 2503 memuS,
248 2425 307 2489 sed
337 2424 504 2491 exclamat
535 2419 660 2492 Paulus
682 2426 865 2508 Episcopus
889 2442 940 2490 νε.
962 2427 1005 2490 2:
1029 2424 1073 2499 nh
1096 2419 1213 2498 νένσισι

76 2528 170 2607 atque
198 2529 245 2596 sio
272 2547 327 2596 res
356 2531 387 2596 ei
409 2531 560 2597 oonfeota
583 2532 737 2614 videtur;
761 2548 846 2612 quae
871 2531 961 2597 enim
984 2529 1142 2596 oontinuo
1165 2545 1210 2594 se·

76 2637 233 2718 quantur,
257 2636 322 2703 alio
345 2637 526 2721 pertinent.

609 2875 628 2948 ἓ
652 2871 700 2941 6..

446 3052 625 3119 Traotoior
647 3056 748 3135 capot
777 3053 833 3117 Vr.

120 3232 311 3301 Admodum
341 3235 552 3302 memorabile
581 3238 635 3300 est
658 3235 833 3300 Judaioum
857 3233 1103 3316 fragmentum,
1129 3232 1215 3313 quod

77 3336 109 3401 in
137 3339 197 3404 hoo
225 3340 333 3421 capite
363 3342 556 3407 extenditur
586 3342 662 3407 inde
691 3359 712 3406 a
743 3359 794 3406 νε.
820 3342 840 3405 3
869 3336 939 3417 (ὅσοι
965 3336 1213 3417 ἐβαπτίσθημεν)

84 3447 170 3509 -11,
200 3446 336 3512 Etenim
358 3448 480 3513 diserte
514 3450 691 3530 exponitur
714 3448 789 3529 quis
813 3446 858 3511 sit
881 3446 965 3511 alter
988 3444 1115 3526 Adam,
1142 3446 1210 3525 jam

78 3549 224 3617 Christus
253 3554 455 3637 appellatus,
488 3571 588 3636 quem
618 3538 784 3635 superiore
817 3554 925 3634 capite
955 3554 1027 3634 jam
1052 3552 1212 3633 suspicati

79 3671 205 3740 sumus,
235 3658 292 3722 sed
323 3676 412 3724 nuno
442 3659 579 3724 demum
609 3660 811 3741 conspicitur
845 3657 1032 3739 philosophi
1055 3657 1136 3722 felix
1159 3675 1214 3723 au-

78 3760 172 3828 daoia.
200 3764 363 3854 Perpetuo
393 3782 567 3830 versamur
597 3767 633 3830 in
665 3766 817 3835 idearum
840 3764 972 3829 excelsa
995 3762 1128 3841 regione
1152 3780 1213 3827 neo

79 3868 250 3951 qudquam
279 3871 437 3935 admonet
465 3871 632 3937 humanae
656 3870 857 3951 hagditatis.
882 3869 987 3935 Sicuti
1010 3868 1102 3933 ideae
1127 3869 1214 3950 apud
1316 3966 1320 3973 .

110 4143 135 4206 1)
151 4143 230 4193 Etiam
247 4146 418 4195 attondendum
434 4147 464 4195 ad
481 4144 624 4196 locutionem
642 4143 683 4193 διὰ
700 4147 791 4207 χριςσῦ
812 4145 906 4203 Ἰησοῦ,
925 4160 985 4209 qnae
1003 4144 1032 4193 ed
1046 4159 1158 4195 nauemm
1175 4160 1214 4193 us·

81 4237 120 4285 qne
134 4226 263 4276 identidem
279 4227 400 4277 inseritur.
422 4227 460 4276 Vs.
478 4228 505 4277 l:
524 4243 567 4276 eor
584 4225 625 4275 διὰ
643 4244 666 4275 π.
686 4228 713 4275 Ἰ.
732 4230 786 4291 post
806 4222 834 4275 ἐκ
852 4226 961 4283 erstem
981 4226 1021 4274 Vs.
1040 4226 1071 4274 11
1089 4241 1132 4275 om
1147 4226 1213 4275 oddi-

82 4305 127 4355 turn
146 4307 208 4357 illud
231 4305 263 4355 δι’
286 4301 314 4356 od
336 4305 408 4357 aad?
430 4308 513 4373 (Nune
534 4308 657 4357 habemus:
682 4305 881 4369 κατηλλάγημεν
981 4304 1022 4355 διὰ
1040 4308 1086 4354 σοῦ
1107 4304 1212 4356 θανάτου

82 4386 190 4455 (Ἰησοῦ),
291 4389 323 4439 δι’
345 4384 374 4439 εὖ
398 4392 444 4449 σὴν
466 4390 633 4455 καταλλαγὴν
655 4388 787 4453 ἰλᾶβσμεν.
807 4392 864 4441 Non
881 4390 989 4440 tolieret
1006 4388 1212 4439 infantioiudaei

82 4466 148 4531 illine)
178 4473 218 4521 Va.
236 4473 279 4525 172
303 4471 344 4522 δια
361 4476 407 4522 roi
426 4470 477 4531 ἑνὸς
495 4475 520 4521 Ἰ.
540 4473 600 4522 vido
617 4489 694 4539 supra
714 4473 755 4523 Vs.
774 4473 806 4523 al
826 4489 869 4522 our
886 4472 983 4522 additur
1001 4467 1042 4520 δια
1061 4471 1087 4519 Ἰ.
1106 4487 1135 4533 χ.
1153 4474 1208 4536 post

84 4546 305 4612 amarmomini?
