<?xml version="1.0" encoding="UTF-8"?>
<!DOCTYPE html PUBLIC "-//W3C//DTD XHTML 1.0 Transitional//EN"
    "http://www.w3.org/TR/xhtml1/DTD/xhtml1-transitional.dtd">
<html xmlns="http://www.w3.org/1999/xhtml" xml:lang="en" lang="en">
 <head>
  <title>
</title>
<meta http-equiv="Content-Type" content="text/html;charset=utf-8" />
  <meta name='ocr-system' content='tesseract 3.04.00' />
  <meta name='ocr-capabilities' content='ocr_page ocr_carea ocr_par ocr_line ocrx_word'/>
</head>
<body>
  <div class='ocr_page' id='page_1' title='image "./verisimilialace00nabegoog_0310.png"; bbox 0 0 3192 5325; ppageno 0'>
   <div class='ocr_carea' id='block_1_1' title="bbox 867 539 932 602">
    <p class='ocr_par' dir='ltr' id='par_1_1' title="bbox 867 539 932 602">
     <span class='ocr_line' id='line_1_1' title="bbox 867 539 932 602; baseline 0 0"><span class='ocrx_word' id='word_1_1' title='bbox 867 539 932 602; x_wconf 81' lang='grc'>286</span> 
     </span>
    </p>
   </div>
   <div class='ocr_carea' id='block_1_2' title="bbox 321 677 1584 804">
    <p class='ocr_par' dir='ltr' id='par_1_2' title="bbox 321 677 1584 804">
     <span class='ocr_line' id='line_1_2' title="bbox 321 677 1584 804; baseline -0.007 -20"><span class='ocrx_word' id='word_1_2' title='bbox 321 721 471 786; x_wconf 88' lang='lat' dir='ltr'>Procedit</span> <span class='ocrx_word' id='word_1_3' title='bbox 495 721 733 804; x_wconf 87' lang='lat' dir='ltr'>Beyschlagius</span> <span class='ocrx_word' id='word_1_4' title='bbox 764 720 821 800; x_wconf 91' lang='lat' dir='ltr'>qui</span> <span class='ocrx_word' id='word_1_5' title='bbox 852 720 1066 785; x_wconf 75' lang='lat' dir='ltr'>commendat</span> <span class='ocrx_word' id='word_1_6' title='bbox 1101 718 1192 803; x_wconf 91' lang='lat' dir='ltr'>„eine</span> <span class='ocrx_word' id='word_1_7' title='bbox 1217 711 1470 789; x_wconf 82' lang='lat' dir='ltr'>Vermittlung”</span> <span class='ocrx_word' id='word_1_8' title='bbox 1583 677 1584 684; x_wconf 10' lang='grc' dir='ltr'><strong>ἶ</strong></span> 
     </span>
    </p>
   </div>
   <div class='ocr_carea' id='block_1_3' title="bbox 210 818 1473 911">
    <p class='ocr_par' dir='ltr' id='par_1_3' title="bbox 210 818 1473 911">
     <span class='ocr_line' id='line_1_3' title="bbox 210 818 1473 911; baseline -0.009 -21"><span class='ocrx_word' id='word_1_9' title='bbox 210 834 213 839; x_wconf 84' lang='grc'><strong>“</strong></span> <span class='ocrx_word' id='word_1_10' title='bbox 320 828 356 890; x_wconf 92' lang='lat' dir='ltr'>et</span> <span class='ocrx_word' id='word_1_11' title='bbox 379 826 558 904; x_wconf 75' lang='lat' dir='ltr'>distinguit</span> <span class='ocrx_word' id='word_1_12' title='bbox 585 827 772 911; x_wconf 84' lang='lat' dir='ltr'>„zwischen</span> <span class='ocrx_word' id='word_1_13' title='bbox 791 825 996 890; x_wconf 91' lang='lat' dir='ltr'>nationalem</span> <span class='ocrx_word' id='word_1_14' title='bbox 1016 825 1194 889; x_wconf 83' lang='lat' dir='ltr'>Character</span> <span class='ocrx_word' id='word_1_15' title='bbox 1218 821 1287 885; x_wconf 94' lang='lat' dir='ltr'>und</span> <span class='ocrx_word' id='word_1_16' title='bbox 1306 818 1473 896; x_wconf 88' lang='lat' dir='ltr'>religibser</span> 
     </span>
    </p>
   </div>
   <div class='ocr_carea' id='block_1_4' title="bbox 321 921 1585 1750">
    <p class='ocr_par' dir='ltr' id='par_1_4' title="bbox 321 921 1473 1222">
     <span class='ocr_line' id='line_1_4' title="bbox 321 921 1473 1013; baseline -0.01 -17"><span class='ocrx_word' id='word_1_17' title='bbox 321 932 523 1011; x_wconf 84' lang='lat' dir='ltr'>Richtung.”</span> <span class='ocrx_word' id='word_1_18' title='bbox 559 933 699 997; x_wconf 78' lang='lat' dir='ltr'>Fuerint</span> <span class='ocrx_word' id='word_1_19' title='bbox 729 933 828 1013; x_wconf 90' lang='lat' dir='ltr'>primi</span> <span class='ocrx_word' id='word_1_20' title='bbox 863 931 1025 1013; x_wconf 78' lang='lat' dir='ltr'>epistulae</span> <span class='ocrx_word' id='word_1_21' title='bbox 1059 932 1217 996; x_wconf 87' lang='lat' dir='ltr'>lectores:</span> <span class='ocrx_word' id='word_1_22' title='bbox 1259 921 1473 1010; x_wconf 79' lang='lat' dir='ltr'>„judaistisch</span> 
     </span>
     <span class='ocr_line' id='line_1_5' title="bbox 321 1029 1473 1120; baseline -0.009 -20"><span class='ocrx_word' id='word_1_23' title='bbox 321 1037 495 1102; x_wconf 87' lang='lat' dir='ltr'>denkende</span> <span class='ocrx_word' id='word_1_24' title='bbox 527 1038 738 1120; x_wconf 80' lang='lat' dir='ltr'>Proselyten,</span> <span class='ocrx_word' id='word_1_25' title='bbox 773 1038 867 1101; x_wconf 90' lang='lat' dir='ltr'>nicht</span> <span class='ocrx_word' id='word_1_26' title='bbox 891 1039 1049 1102; x_wconf 89' lang='lat' dir='ltr'>umsorrst</span> <span class='ocrx_word' id='word_1_27' title='bbox 1071 1036 1175 1100; x_wconf 83' lang='lat' dir='ltr'>durch</span> <span class='ocrx_word' id='word_1_28' title='bbox 1200 1034 1252 1097; x_wconf 89' lang='lat' dir='ltr'>die</span> <span class='ocrx_word' id='word_1_29' title='bbox 1276 1031 1395 1095; x_wconf 82' lang='lat' dir='ltr'>Schule</span> <span class='ocrx_word' id='word_1_30' title='bbox 1418 1029 1473 1092; x_wconf 90' lang='lat' dir='ltr'>der</span> 
     </span>
     <span class='ocr_line' id='line_1_6' title="bbox 321 1141 1052 1222; baseline 0 -16"><span class='ocrx_word' id='word_1_31' title='bbox 321 1141 549 1207; x_wconf 90' lang='lat' dir='ltr'>Judenthums</span> <span class='ocrx_word' id='word_1_32' title='bbox 573 1144 866 1222; x_wconf 89' lang='lat' dir='ltr'>durchgegangene</span> <span class='ocrx_word' id='word_1_33' title='bbox 890 1142 1052 1207; x_wconf 87' lang='lat' dir='ltr'>Heiderr.”</span> 
     </span>
    </p>

    <p class='ocr_par' dir='ltr' id='par_1_5' title="bbox 321 1244 1474 1526">
     <span class='ocr_line' id='line_1_7' title="bbox 366 1244 1474 1334; baseline -0.007 -23"><span class='ocrx_word' id='word_1_34' title='bbox 366 1248 478 1313; x_wconf 92' lang='lat' dir='ltr'>Huius</span> <span class='ocrx_word' id='word_1_35' title='bbox 505 1249 774 1334; x_wconf 88' lang='lat' dir='ltr'>„Vermittlung”</span> <span class='ocrx_word' id='word_1_36' title='bbox 806 1251 966 1328; x_wconf 90' lang='lat' dir='ltr'>patronos</span> <span class='ocrx_word' id='word_1_37' title='bbox 997 1248 1086 1312; x_wconf 89' lang='lat' dir='ltr'>inter</span> <span class='ocrx_word' id='word_1_38' title='bbox 1109 1250 1144 1312; x_wconf 93' lang='lat' dir='ltr'>et</span> <span class='ocrx_word' id='word_1_39' title='bbox 1167 1244 1376 1311; x_wconf 89' lang='lat' dir='ltr'>adversarios</span> <span class='ocrx_word' id='word_1_40' title='bbox 1402 1257 1474 1305; x_wconf 81' lang='lat' dir='ltr'>exo-</span> 
     </span>
     <span class='ocr_line' id='line_1_8' title="bbox 321 1347 1472 1440; baseline -0.007 -23"><span class='ocrx_word' id='word_1_41' title='bbox 321 1353 407 1417; x_wconf 91' lang='lat' dir='ltr'>ritur</span> <span class='ocrx_word' id='word_1_42' title='bbox 441 1354 638 1420; x_wconf 80' lang='lat' dir='ltr'>Schurerius</span> <span class='ocrx_word' id='word_1_43' title='bbox 672 1359 712 1419; x_wconf 93' lang='lat' dir='ltr'>ut</span> <span class='ocrx_word' id='word_1_44' title='bbox 750 1355 978 1440; x_wconf 88' lang='lat' dir='ltr'>„vermittle&#39;&#39;.</span> <span class='ocrx_word' id='word_1_45' title='bbox 1027 1354 1089 1418; x_wconf 89' lang='lat' dir='ltr'>Est</span> <span class='ocrx_word' id='word_1_46' title='bbox 1124 1353 1235 1435; x_wconf 90' lang='lat' dir='ltr'>plane,</span> <span class='ocrx_word' id='word_1_47' title='bbox 1273 1350 1327 1414; x_wconf 87' lang='lat' dir='ltr'>uti</span> <span class='ocrx_word' id='word_1_48' title='bbox 1363 1347 1472 1426; x_wconf 88' lang='lat' dir='ltr'>vides,</span> 
     </span>
     <span class='ocr_line' id='line_1_9' title="bbox 321 1458 569 1526; baseline 0 -5"><span class='ocrx_word' id='word_1_49' title='bbox 321 1458 433 1524; x_wconf 91' lang='lat' dir='ltr'>Pelion</span> <span class='ocrx_word' id='word_1_50' title='bbox 457 1463 569 1526; x_wconf 82' lang='lat' dir='ltr'><strong>Ossae.</strong></span> 
     </span>
    </p>

    <p class='ocr_par' dir='ltr' id='par_1_6' title="bbox 322 1557 1585 1750">
     <span class='ocr_line' id='line_1_10' title="bbox 369 1557 1585 1652; baseline -0.007 -24"><span class='ocrx_word' id='word_1_51' title='bbox 369 1563 520 1647; x_wconf 88' lang='lat' dir='ltr'>Denique</span> <span class='ocrx_word' id='word_1_52' title='bbox 543 1566 792 1632; x_wconf 85' lang='lat' dir='ltr'>Holtzmannus</span> <span class='ocrx_word' id='word_1_53' title='bbox 816 1567 984 1648; x_wconf 89' lang='lat' dir='ltr'>propriam</span> <span class='ocrx_word' id='word_1_54' title='bbox 1008 1565 1214 1632; x_wconf 89' lang='lat' dir='ltr'>sententiam</span> <span class='ocrx_word' id='word_1_55' title='bbox 1238 1565 1364 1629; x_wconf 89' lang='lat' dir='ltr'>tuetur.</span> <span class='ocrx_word' id='word_1_56' title='bbox 1399 1557 1474 1642; x_wconf 91' lang='lat' dir='ltr'>„Die</span> <span class='ocrx_word' id='word_1_57' title='bbox 1584 1645 1585 1652; x_wconf 6' lang='grc' dir='ltr'>ἵ</span> 
     </span>
     <span class='ocr_line' id='line_1_11' title="bbox 322 1665 1585 1750; baseline -0.008 -14"><span class='ocrx_word' id='word_1_58' title='bbox 322 1688 426 1750; x_wconf 85' lang='lat' dir='ltr'>ganzo</span> <span class='ocrx_word' id='word_1_59' title='bbox 446 1672 666 1738; x_wconf 83' lang='lat' dir='ltr'>Controverse</span> <span class='ocrx_word' id='word_1_60' title='bbox 690 1673 736 1738; x_wconf 90' lang='lat' dir='ltr'>ist</span> <span class='ocrx_word' id='word_1_61' title='bbox 756 1673 924 1737; x_wconf 89' lang='lat' dir='ltr'>vielleicht</span> <span class='ocrx_word' id='word_1_62' title='bbox 942 1674 978 1737; x_wconf 92' lang='lat' dir='ltr'>in</span> <span class='ocrx_word' id='word_1_63' title='bbox 1002 1672 1111 1738; x_wconf 85' lang='lat' dir='ltr'>soiern</span> <span class='ocrx_word' id='word_1_64' title='bbox 1136 1671 1301 1746; x_wconf 84' lang='lat' dir='ltr'>unlbsbar‚</span> <span class='ocrx_word' id='word_1_65' title='bbox 1324 1666 1375 1732; x_wconf 91' lang='lat' dir='ltr'>als</span> <span class='ocrx_word' id='word_1_66' title='bbox 1398 1681 1475 1728; x_wconf 89' lang='lat' dir='ltr'>man</span> <span class='ocrx_word' id='word_1_67' title='bbox 1584 1665 1585 1680; x_wconf 63' lang='lat'>¹</span> 
     </span>
    </p>
   </div>
   <div class='ocr_carea' id='block_1_5' title="bbox 321 1769 1585 1862">
    <p class='ocr_par' dir='ltr' id='par_1_7' title="bbox 321 1769 1585 1862">
     <span class='ocr_line' id='line_1_12' title="bbox 321 1769 1585 1862; baseline 0 -22"><span class='ocrx_word' id='word_1_68' title='bbox 321 1793 358 1841; x_wconf 92' lang='lat' dir='ltr'>es</span> <span class='ocrx_word' id='word_1_69' title='bbox 388 1778 465 1842; x_wconf 92' lang='lat' dir='ltr'>dem</span> <span class='ocrx_word' id='word_1_70' title='bbox 488 1777 624 1862; x_wconf 82' lang='lat' dir='ltr'>(Brieie)</span> <span class='ocrx_word' id='word_1_71' title='bbox 654 1779 829 1860; x_wconf 87' lang='lat' dir='ltr'>anmerkt,</span> <span class='ocrx_word' id='word_1_72' title='bbox 867 1779 946 1844; x_wconf 90' lang='lat' dir='ltr'>dass</span> <span class='ocrx_word' id='word_1_73' title='bbox 978 1779 1103 1842; x_wconf 86' lang='lat' dir='ltr'>Paulus</span> <span class='ocrx_word' id='word_1_74' title='bbox 1134 1778 1232 1841; x_wconf 87' lang='lat' dir='ltr'>keine</span> <span class='ocrx_word' id='word_1_75' title='bbox 1263 1775 1379 1852; x_wconf 86' lang='lat' dir='ltr'>eigene</span> <span class='ocrx_word' id='word_1_76' title='bbox 1410 1769 1474 1832; x_wconf 87' lang='lat' dir='ltr'>An·</span> <span class='ocrx_word' id='word_1_77' title='bbox 1584 1835 1585 1840; x_wconf 75' lang='grc'>,</span> 
     </span>
    </p>
   </div>
   <div class='ocr_carea' id='block_1_6' title="bbox 321 1879 1476 2709">
    <p class='ocr_par' dir='ltr' id='par_1_8' title="bbox 321 1879 1476 2709">
     <span class='ocr_line' id='line_1_13' title="bbox 324 1879 1400 1970; baseline -0.003 -24"><span class='ocrx_word' id='word_1_78' title='bbox 324 1883 497 1962; x_wconf 89' lang='lat' dir='ltr'>schauung</span> <span class='ocrx_word' id='word_1_79' title='bbox 519 1901 587 1948; x_wconf 88' lang='lat' dir='ltr'>von</span> <span class='ocrx_word' id='word_1_80' title='bbox 610 1885 668 1949; x_wconf 92' lang='lat' dir='ltr'>der</span> <span class='ocrx_word' id='word_1_81' title='bbox 692 1884 875 1949; x_wconf 92' lang='lat' dir='ltr'>Gemeinde</span> <span class='ocrx_word' id='word_1_82' title='bbox 899 1884 976 1964; x_wconf 89' lang='lat' dir='ltr'>hat,</span> <span class='ocrx_word' id='word_1_83' title='bbox 1002 1884 1124 1948; x_wconf 90' lang='lat' dir='ltr'>andie</span> <span class='ocrx_word' id='word_1_84' title='bbox 1147 1900 1183 1947; x_wconf 90' lang='lat' dir='ltr'>er</span> <span class='ocrx_word' id='word_1_85' title='bbox 1207 1879 1400 1970; x_wconf 51' lang='lat' dir='ltr'>schreibtss&#39;,</span> 
     </span>
     <span class='ocr_line' id='line_1_14' title="bbox 367 1981 1475 2071; baseline -0.007 -19"><span class='ocrx_word' id='word_1_86' title='bbox 367 1989 436 2053; x_wconf 86' lang='lat' dir='ltr'>Ain</span> <span class='ocrx_word' id='word_1_87' title='bbox 471 1992 538 2053; x_wconf 83' lang='lat' dir='ltr'>tu?</span> <span class='ocrx_word' id='word_1_88' title='bbox 572 1991 729 2055; x_wconf 83' lang='lat' dir='ltr'>Fortasse</span> <span class='ocrx_word' id='word_1_89' title='bbox 763 1991 903 2055; x_wconf 89' lang='lat' dir='ltr'>lectores</span> <span class='ocrx_word' id='word_1_90' title='bbox 936 1990 1138 2071; x_wconf 89' lang='lat' dir='ltr'>jamdudum</span> <span class='ocrx_word' id='word_1_91' title='bbox 1174 1990 1296 2054; x_wconf 91' lang='lat' dir='ltr'>norant</span> <span class='ocrx_word' id='word_1_92' title='bbox 1328 1986 1362 2049; x_wconf 89' lang='lat' dir='ltr'>id</span> <span class='ocrx_word' id='word_1_93' title='bbox 1394 1981 1475 2064; x_wconf 81' lang='lat' dir='ltr'>quod</span> 
     </span>
     <span class='ocr_line' id='line_1_15' title="bbox 321 2088 1475 2176; baseline -0.006 -20"><span class='ocrx_word' id='word_1_94' title='bbox 321 2094 446 2159; x_wconf 92' lang='lat' dir='ltr'>Paulus</span> <span class='ocrx_word' id='word_1_95' title='bbox 470 2095 698 2160; x_wconf 90' lang='lat' dir='ltr'>demonstrare</span> <span class='ocrx_word' id='word_1_96' title='bbox 718 2096 868 2176; x_wconf 89' lang='lat' dir='ltr'>volebat;</span> <span class='ocrx_word' id='word_1_97' title='bbox 894 2097 1036 2160; x_wconf 86' lang='lat' dir='ltr'>fortasse</span> <span class='ocrx_word' id='word_1_98' title='bbox 1057 2095 1107 2159; x_wconf 89' lang='lat' dir='ltr'>ita</span> <span class='ocrx_word' id='word_1_99' title='bbox 1127 2093 1279 2159; x_wconf 86' lang='lat' dir='ltr'>instituti</span> <span class='ocrx_word' id='word_1_100' title='bbox 1302 2091 1418 2168; x_wconf 91' lang='lat' dir='ltr'>erant,</span> <span class='ocrx_word' id='word_1_101' title='bbox 1440 2088 1475 2150; x_wconf 91' lang='lat' dir='ltr'>ut</span> 
     </span>
     <span class='ocr_line' id='line_1_16' title="bbox 324 2194 1472 2281; baseline -0.004 -19"><span class='ocrx_word' id='word_1_102' title='bbox 324 2216 431 2279; x_wconf 87' lang='lat' dir='ltr'>neque</span> <span class='ocrx_word' id='word_1_103' title='bbox 455 2201 650 2265; x_wconf 82' lang='lat' dir='ltr'>methodum</span> <span class='ocrx_word' id='word_1_104' title='bbox 673 2201 768 2266; x_wconf 89' lang='lat' dir='ltr'>Pauli</span> <span class='ocrx_word' id='word_1_105' title='bbox 792 2201 1034 2281; x_wconf 86' lang='lat' dir='ltr'>intelligerent,</span> <span class='ocrx_word' id='word_1_106' title='bbox 1069 2217 1177 2280; x_wconf 86' lang='lat' dir='ltr'>neque</span> <span class='ocrx_word' id='word_1_107' title='bbox 1203 2199 1292 2263; x_wconf 91' lang='lat' dir='ltr'>unde</span> <span class='ocrx_word' id='word_1_108' title='bbox 1317 2197 1392 2278; x_wconf 87' lang='lat' dir='ltr'>ejus</span> <span class='ocrx_word' id='word_1_109' title='bbox 1417 2194 1472 2258; x_wconf 87' lang='lat' dir='ltr'>dis·</span> 
     </span>
     <span class='ocr_line' id='line_1_17' title="bbox 323 2298 1476 2387; baseline -0.006 -18"><span class='ocrx_word' id='word_1_110' title='bbox 323 2306 454 2386; x_wconf 86' lang='lat' dir='ltr'>putatio</span> <span class='ocrx_word' id='word_1_111' title='bbox 476 2307 684 2387; x_wconf 84' lang='lat' dir='ltr'>procederet!</span> <span class='ocrx_word' id='word_1_112' title='bbox 711 2307 757 2368; x_wconf 84' lang='grc' dir='ltr'>Οὐ</span> <span class='ocrx_word' id='word_1_113' title='bbox 782 2306 902 2383; x_wconf 71' lang='grc' dir='ltr'>φροντίς</span> <span class='ocrx_word' id='word_1_114' title='bbox 930 2307 1135 2384; x_wconf 61' lang='grc' dir='ltr'>Ἱπποκλείδῃ.</span> <span class='ocrx_word' id='word_1_115' title='bbox 1167 2307 1294 2370; x_wconf 86' lang='lat' dir='ltr'>Romae</span> <span class='ocrx_word' id='word_1_116' title='bbox 1319 2303 1356 2367; x_wconf 91' lang='lat' dir='ltr'>in</span> <span class='ocrx_word' id='word_1_117' title='bbox 1377 2298 1476 2364; x_wconf 81' lang='lat' dir='ltr'>maxi·</span> 
     </span>
     <span class='ocr_line' id='line_1_18' title="bbox 325 2404 1474 2493; baseline -0.005 -20"><span class='ocrx_word' id='word_1_118' title='bbox 325 2428 382 2474; x_wconf 88' lang='lat' dir='ltr'>ma</span> <span class='ocrx_word' id='word_1_119' title='bbox 404 2413 485 2476; x_wconf 92' lang='lat' dir='ltr'>urbe</span> <span class='ocrx_word' id='word_1_120' title='bbox 508 2416 543 2477; x_wconf 91' lang='lat' dir='ltr'>et</span> <span class='ocrx_word' id='word_1_121' title='bbox 570 2413 679 2493; x_wconf 89' lang='lat' dir='ltr'>capite</span> <span class='ocrx_word' id='word_1_122' title='bbox 702 2414 790 2477; x_wconf 88' lang='lat' dir='ltr'>orbis</span> <span class='ocrx_word' id='word_1_123' title='bbox 822 2415 919 2478; x_wconf 92' lang='lat' dir='ltr'>erant</span> <span class='ocrx_word' id='word_1_124' title='bbox 949 2415 1065 2477; x_wconf 91' lang='lat' dir='ltr'>tamen</span> <span class='ocrx_word' id='word_1_125' title='bbox 1096 2412 1217 2493; x_wconf 90' lang='lat' dir='ltr'>quibus</span> <span class='ocrx_word' id='word_1_126' title='bbox 1241 2409 1320 2474; x_wconf 88' lang='lat' dir='ltr'>talis</span> <span class='ocrx_word' id='word_1_127' title='bbox 1344 2404 1474 2486; x_wconf 89' lang='lat' dir='ltr'>scriptio</span> 
     </span>
     <span class='ocr_line' id='line_1_19' title="bbox 324 2513 1473 2600; baseline -0.006 -19"><span class='ocrx_word' id='word_1_128' title='bbox 324 2519 455 2596; x_wconf 86' lang='lat' dir='ltr'>poterat</span> <span class='ocrx_word' id='word_1_129' title='bbox 478 2518 642 2598; x_wconf 84' lang='lat' dir='ltr'>prodesse.</span> <span class='ocrx_word' id='word_1_130' title='bbox 668 2518 888 2584; x_wconf 81' lang='lat' dir='ltr'>Scribendum</span> <span class='ocrx_word' id='word_1_131' title='bbox 901 2522 983 2600; x_wconf 82' lang='lat' dir='ltr'>est,</span> <span class='ocrx_word' id='word_1_132' title='bbox 1006 2536 1025 2583; x_wconf 94' lang='lat' dir='ltr'>o</span> <span class='ocrx_word' id='word_1_133' title='bbox 1049 2518 1288 2599; x_wconf 86' lang='lat' dir='ltr'>Apostolorum</span> <span class='ocrx_word' id='word_1_134' title='bbox 1311 2513 1473 2588; x_wconf 87' lang='lat' dir='ltr'>maxime,</span> 
     </span>
     <span class='ocr_line' id='line_1_20' title="bbox 322 2623 1322 2709; baseline -0.002 -22"><span class='ocrx_word' id='word_1_135' title='bbox 322 2623 535 2690; x_wconf 90' lang='lat' dir='ltr'>scribendum</span> <span class='ocrx_word' id='word_1_136' title='bbox 558 2629 611 2691; x_wconf 89' lang='lat' dir='ltr'>est</span> <span class='ocrx_word' id='word_1_137' title='bbox 635 2628 671 2691; x_wconf 91' lang='lat' dir='ltr'>et</span> <span class='ocrx_word' id='word_1_138' title='bbox 695 2626 831 2691; x_wconf 86' lang='lat' dir='ltr'>fortuna</span> <span class='ocrx_word' id='word_1_139' title='bbox 853 2627 997 2709; x_wconf 68' lang='lat' dir='ltr'>juvabit.</span> <span class='ocrx_word' id='word_1_140' title='bbox 1024 2625 1181 2707; x_wconf 83' lang='lat' dir='ltr'>Suppetit</span> <span class='ocrx_word' id='word_1_141' title='bbox 1204 2623 1322 2690; x_wconf 91' lang='lat' dir='ltr'>otium.</span> 
     </span>
    </p>
   </div>
   <div class='ocr_carea' id='block_1_7' title="bbox 325 2726 1586 2919">
    <p class='ocr_par' dir='ltr' id='par_1_9' title="bbox 325 2726 1586 2919">
     <span class='ocr_line' id='line_1_21' title="bbox 368 2726 1586 2837; baseline -0.007 -44"><span class='ocrx_word' id='word_1_142' title='bbox 368 2730 517 2795; x_wconf 78' lang='lat' dir='ltr'>Tandem</span> <span class='ocrx_word' id='word_1_143' title='bbox 548 2733 763 2812; x_wconf 90' lang='lat' dir='ltr'>pervenimus</span> <span class='ocrx_word' id='word_1_144' title='bbox 796 2751 860 2813; x_wconf 91' lang='lat' dir='ltr'>quo</span> <span class='ocrx_word' id='word_1_145' title='bbox 892 2734 1125 2798; x_wconf 85' lang='lat' dir='ltr'>tendebamus.</span> <span class='ocrx_word' id='word_1_146' title='bbox 1162 2731 1264 2795; x_wconf 84' lang='lat' dir='ltr'>Anno</span> <span class='ocrx_word' id='word_1_147' title='bbox 1291 2730 1380 2793; x_wconf 87' lang='grc'>1886</span> <span class='ocrx_word' id='word_1_148' title='bbox 1406 2726 1476 2805; x_wconf 88' lang='lat' dir='ltr'>post</span> <span class='ocrx_word' id='word_1_149' title='bbox 1585 2750 1586 2837; x_wconf 33' lang='grc' dir='ltr'>ἰ</span> 
     </span>
     <span class='ocr_line' id='line_1_22' title="bbox 325 2833 1586 2919; baseline -0.007 -19"><span class='ocrx_word' id='word_1_150' title='bbox 325 2838 460 2914; x_wconf 88' lang='lat' dir='ltr'>partum</span> <span class='ocrx_word' id='word_1_151' title='bbox 482 2837 633 2917; x_wconf 85' lang='lat' dir='ltr'>Virginis</span> <span class='ocrx_word' id='word_1_152' title='bbox 660 2840 736 2903; x_wconf 87' lang='lat' dir='ltr'>tuto</span> <span class='ocrx_word' id='word_1_153' title='bbox 759 2839 926 2903; x_wconf 85' lang='lat' dir='ltr'>affirmare</span> <span class='ocrx_word' id='word_1_154' title='bbox 958 2857 1155 2919; x_wconf 89' lang='lat' dir='ltr'>possumus,</span> <span class='ocrx_word' id='word_1_155' title='bbox 1190 2837 1352 2917; x_wconf 79' lang='lat' dir='ltr'>scriptam</span> <span class='ocrx_word' id='word_1_156' title='bbox 1377 2833 1476 2897; x_wconf 86' lang='lat' dir='ltr'>fuisse</span> <span class='ocrx_word' id='word_1_157' title='bbox 1585 2846 1586 2871; x_wconf 41' lang='lat' dir='ltr'>i</span> 
     </span>
    </p>
   </div>
   <div class='ocr_carea' id='block_1_8' title="bbox 322 2938 1481 3956">
    <p class='ocr_par' dir='ltr' id='par_1_10' title="bbox 323 2938 1478 3441">
     <span class='ocr_line' id='line_1_23' title="bbox 323 2938 1476 3025; baseline -0.003 -21"><span class='ocrx_word' id='word_1_158' title='bbox 323 2941 513 3021; x_wconf 84' lang='lat' dir='ltr'>Epistulam</span> <span class='ocrx_word' id='word_1_159' title='bbox 544 2944 586 3007; x_wconf 92' lang='lat' dir='ltr'>ad</span> <span class='ocrx_word' id='word_1_160' title='bbox 611 2943 819 3009; x_wconf 82' lang='lat' dir='ltr'>Christianos</span> <span class='ocrx_word' id='word_1_161' title='bbox 849 2962 892 3008; x_wconf 83' lang='lat' dir='ltr'>ex</span> <span class='ocrx_word' id='word_1_162' title='bbox 915 2945 1122 3025; x_wconf 79' lang='lat' dir='ltr'>Gentilibus,</span> <span class='ocrx_word' id='word_1_163' title='bbox 1148 2944 1234 3008; x_wconf 91' lang='lat' dir='ltr'>imo:</span> <span class='ocrx_word' id='word_1_164' title='bbox 1259 2959 1302 3005; x_wconf 86' lang='lat' dir='ltr'>ex</span> <span class='ocrx_word' id='word_1_165' title='bbox 1326 2938 1476 3014; x_wconf 78' lang='lat' dir='ltr'>iudaeis;</span> 
     </span>
     <span class='ocr_line' id='line_1_24' title="bbox 323 3047 1476 3133; baseline -0.003 -23"><span class='ocrx_word' id='word_1_166' title='bbox 323 3047 407 3128; x_wconf 92' lang='lat' dir='ltr'>imo,</span> <span class='ocrx_word' id='word_1_167' title='bbox 440 3067 483 3113; x_wconf 83' lang='lat' dir='ltr'>err</span> <span class='ocrx_word' id='word_1_168' title='bbox 515 3048 721 3132; x_wconf 82' lang='lat' dir='ltr'>Gentilibus,</span> <span class='ocrx_word' id='word_1_169' title='bbox 758 3052 790 3114; x_wconf 90' lang='lat' dir='ltr'>h.</span> <span class='ocrx_word' id='word_1_170' title='bbox 816 3068 844 3115; x_wconf 91' lang='lat' dir='ltr'>e.</span> <span class='ocrx_word' id='word_1_171' title='bbox 876 3052 918 3115; x_wconf 91' lang='lat' dir='ltr'>ad</span> <span class='ocrx_word' id='word_1_172' title='bbox 951 3051 1137 3133; x_wconf 88' lang='lat' dir='ltr'>proselytos</span> <span class='ocrx_word' id='word_1_173' title='bbox 1169 3048 1305 3114; x_wconf 90' lang='lat' dir='ltr'>Judaioe</span> <span class='ocrx_word' id='word_1_174' title='bbox 1338 3047 1476 3120; x_wconf 80' lang='lat' dir='ltr'>tinctos,</span> 
     </span>
     <span class='ocr_line' id='line_1_25' title="bbox 323 3142 1475 3237; baseline -0.003 -21"><span class='ocrx_word' id='word_1_175' title='bbox 323 3153 376 3216; x_wconf 92' lang='lat' dir='ltr'>vel</span> <span class='ocrx_word' id='word_1_176' title='bbox 396 3155 508 3233; x_wconf 91' lang='lat' dir='ltr'>potius</span> <span class='ocrx_word' id='word_1_177' title='bbox 520 3157 561 3219; x_wconf 91' lang='lat' dir='ltr'>ad</span> <span class='ocrx_word' id='word_1_178' title='bbox 582 3156 786 3237; x_wconf 84' lang='lat' dir='ltr'>mundanos,</span> <span class='ocrx_word' id='word_1_179' title='bbox 810 3174 877 3221; x_wconf 89' lang='lat' dir='ltr'>non</span> <span class='ocrx_word' id='word_1_180' title='bbox 901 3157 1009 3235; x_wconf 91' lang='lat' dir='ltr'>magis</span> <span class='ocrx_word' id='word_1_181' title='bbox 1029 3157 1180 3222; x_wconf 80' lang='lat' dir='ltr'>Gentiles</span> <span class='ocrx_word' id='word_1_182' title='bbox 1193 3142 1296 3235; x_wconf 89' lang='lat' dir='ltr'>quam</span> <span class='ocrx_word' id='word_1_183' title='bbox 1318 3152 1475 3227; x_wconf 87' lang='lat' dir='ltr'>Judaeos;</span> 
     </span>
     <span class='ocr_line' id='line_1_26' title="bbox 324 3256 1478 3342; baseline -0.002 -22"><span class='ocrx_word' id='word_1_184' title='bbox 324 3258 466 3323; x_wconf 85' lang='lat' dir='ltr'>fortasse</span> <span class='ocrx_word' id='word_1_185' title='bbox 500 3260 604 3326; x_wconf 90' lang='lat' dir='ltr'>etiam</span> <span class='ocrx_word' id='word_1_186' title='bbox 640 3262 682 3325; x_wconf 89' lang='lat' dir='ltr'>ad</span> <span class='ocrx_word' id='word_1_187' title='bbox 716 3262 869 3326; x_wconf 91' lang='lat' dir='ltr'>homines</span> <span class='ocrx_word' id='word_1_188' title='bbox 905 3262 1001 3342; x_wconf 91' lang='lat' dir='ltr'>plane</span> <span class='ocrx_word' id='word_1_189' title='bbox 1037 3262 1204 3341; x_wconf 90' lang='lat' dir='ltr'>diversos,</span> <span class='ocrx_word' id='word_1_190' title='bbox 1243 3277 1327 3339; x_wconf 87' lang='lat' dir='ltr'>quos</span> <span class='ocrx_word' id='word_1_191' title='bbox 1359 3256 1478 3323; x_wconf 91' lang='lat' dir='ltr'>Paulus</span> 
     </span>
     <span class='ocr_line' id='line_1_27' title="bbox 325 3366 573 3441; baseline 0.016 -15"><span class='ocrx_word' id='word_1_192' title='bbox 325 3379 445 3441; x_wconf 87' lang='lat' dir='ltr'>pamm</span> <span class='ocrx_word' id='word_1_193' title='bbox 468 3366 573 3430; x_wconf 89' lang='lat' dir='ltr'>novit.</span> 
     </span>
    </p>

    <p class='ocr_par' dir='ltr' id='par_1_11' title="bbox 322 3468 1481 3956">
     <span class='ocr_line' id='line_1_28' title="bbox 349 3468 1477 3552; baseline 0 -20"><span class='ocrx_word' id='word_1_194' title='bbox 349 3468 424 3552; x_wconf 86' lang='lat' dir='ltr'>„An</span> <span class='ocrx_word' id='word_1_195' title='bbox 444 3470 501 3534; x_wconf 91' lang='lat' dir='ltr'>der</span> <span class='ocrx_word' id='word_1_196' title='bbox 524 3471 630 3550; x_wconf 84' lang='lat' dir='ltr'>Frage</span> <span class='ocrx_word' id='word_1_197' title='bbox 653 3473 737 3536; x_wconf 89' lang='lat' dir='ltr'>nach</span> <span class='ocrx_word' id='word_1_198' title='bbox 761 3473 838 3537; x_wconf 88' lang='lat' dir='ltr'>dem</span> <span class='ocrx_word' id='word_1_199' title='bbox 858 3473 1050 3539; x_wconf 84' lang='lat' dir='ltr'>Leserlrreis</span> <span class='ocrx_word' id='word_1_200' title='bbox 1069 3488 1209 3538; x_wconf 89' lang='lat' dir='ltr'>unseres</span> <span class='ocrx_word' id='word_1_201' title='bbox 1229 3470 1399 3552; x_wconf 84' lang='lat' dir='ltr'>Briefes,”</span> <span class='ocrx_word' id='word_1_202' title='bbox 1414 3485 1477 3549; x_wconf 89' lang='lat' dir='ltr'>per·</span> 
     </span>
     <span class='ocr_line' id='line_1_29' title="bbox 324 3573 1477 3661; baseline 0 -24"><span class='ocrx_word' id='word_1_203' title='bbox 324 3574 373 3651; x_wconf 89' lang='lat' dir='ltr'>git</span> <span class='ocrx_word' id='word_1_204' title='bbox 404 3575 668 3656; x_wconf 85' lang='lat' dir='ltr'>Holtzmannus,</span> <span class='ocrx_word' id='word_1_205' title='bbox 697 3578 829 3661; x_wconf 78' lang='lat' dir='ltr'>„hangt</span> <span class='ocrx_word' id='word_1_206' title='bbox 855 3580 907 3643; x_wconf 89' lang='lat' dir='ltr'>die</span> <span class='ocrx_word' id='word_1_207' title='bbox 930 3580 1034 3658; x_wconf 90' lang='lat' dir='ltr'>Frage</span> <span class='ocrx_word' id='word_1_208' title='bbox 1058 3580 1145 3644; x_wconf 89' lang='lat' dir='ltr'>nach</span> <span class='ocrx_word' id='word_1_209' title='bbox 1170 3578 1298 3643; x_wconf 87' lang='lat' dir='ltr'>seinem</span> <span class='ocrx_word' id='word_1_210' title='bbox 1326 3573 1477 3641; x_wconf 84' lang='lat' dir='ltr'>Zweclr.&#39;’</span> 
     </span>
     <span class='ocr_line' id='line_1_30' title="bbox 322 3679 1478 3761; baseline -0.001 -18"><span class='ocrx_word' id='word_1_211' title='bbox 322 3679 440 3759; x_wconf 87' lang='lat' dir='ltr'>Itaque</span> <span class='ocrx_word' id='word_1_212' title='bbox 459 3683 696 3761; x_wconf 82' lang='lat' dir='ltr'>exspectamus</span> <span class='ocrx_word' id='word_1_213' title='bbox 712 3683 893 3748; x_wconf 70' lang='lat' dir='ltr'>‘consilium</span> <span class='ocrx_word' id='word_1_214' title='bbox 913 3685 1079 3750; x_wconf 89' lang='lat' dir='ltr'>incertum</span> <span class='ocrx_word' id='word_1_215' title='bbox 1099 3685 1180 3749; x_wconf 85' lang='lat' dir='ltr'>fore.</span> <span class='ocrx_word' id='word_1_216' title='bbox 1212 3683 1266 3747; x_wconf 87' lang='lat' dir='ltr'>Ita</span> <span class='ocrx_word' id='word_1_217' title='bbox 1290 3685 1356 3747; x_wconf 90' lang='lat' dir='ltr'>est:</span> <span class='ocrx_word' id='word_1_218' title='bbox 1370 3696 1478 3745; x_wconf 88' lang='lat' dir='ltr'>secun·</span> 
     </span>
     <span class='ocr_line' id='line_1_31' title="bbox 322 3783 1481 3867; baseline -0.001 -19"><span class='ocrx_word' id='word_1_219' title='bbox 322 3784 404 3848; x_wconf 93' lang='lat' dir='ltr'>dum</span> <span class='ocrx_word' id='word_1_220' title='bbox 434 3786 635 3866; x_wconf 87' lang='lat' dir='ltr'>interpretes</span> <span class='ocrx_word' id='word_1_221' title='bbox 660 3787 724 3849; x_wconf 71' lang='grc' dir='ltr'>αἰὲν</span> <span class='ocrx_word' id='word_1_222' title='bbox 747 3791 877 3867; x_wconf 61' lang='lat' dir='ltr'>arripere</span> <span class='ocrx_word' id='word_1_223' title='bbox 903 3790 1011 3855; x_wconf 86' lang='lat' dir='ltr'>voluit</span> <span class='ocrx_word' id='word_1_224' title='bbox 1042 3790 1168 3855; x_wconf 89' lang='lat' dir='ltr'>Paulus</span> <span class='ocrx_word' id='word_1_225' title='bbox 1204 3788 1241 3852; x_wconf 91' lang='lat' dir='ltr'>in</span> <span class='ocrx_word' id='word_1_226' title='bbox 1264 3787 1419 3867; x_wconf 85' lang='lat' dir='ltr'>Epistula</span> <span class='ocrx_word' id='word_1_227' title='bbox 1441 3783 1481 3848; x_wconf 90' lang='lat' dir='ltr'>ad</span> 
     </span>
     <span class='ocr_line' id='line_1_32' title="bbox 323 3890 493 3956; baseline 0.024 -4"><span class='ocrx_word' id='word_1_228' title='bbox 323 3890 493 3956; x_wconf 88' lang='lat' dir='ltr'>Romanos</span> 
     </span>
    </p>
   </div>
   <div class='ocr_carea' id='block_1_9' title="bbox 367 3992 1479 4083">
    <p class='ocr_par' dir='ltr' id='par_1_12' title="bbox 367 3992 1479 4083">
     <span class='ocr_line' id='line_1_33' title="bbox 367 3992 1479 4083; baseline -0.002 -21"><span class='ocrx_word' id='word_1_229' title='bbox 367 3999 564 4078; x_wconf 87' lang='lat' dir='ltr'>impugnare</span> <span class='ocrx_word' id='word_1_230' title='bbox 588 3992 622 4060; x_wconf 87' lang='lat'>1⁰</span> <span class='ocrx_word' id='word_1_231' title='bbox 645 3998 727 4076; x_wconf 87' lang='lat' dir='ltr'>legis</span> <span class='ocrx_word' id='word_1_232' title='bbox 750 4002 928 4065; x_wconf 86' lang='lat' dir='ltr'>aeternam</span> <span class='ocrx_word' id='word_1_233' title='bbox 954 4003 1209 4083; x_wconf 81' lang='lat' dir='ltr'>auctoritatem,</span> <span class='ocrx_word' id='word_1_234' title='bbox 1239 3995 1275 4065; x_wconf 79' lang='lat'>2⁰</span> <span class='ocrx_word' id='word_1_235' title='bbox 1299 3998 1479 4065; x_wconf 89' lang='lat' dir='ltr'>Manichae-</span> 
     </span>
    </p>
   </div>
   <div class='ocr_carea' id='block_1_10' title="bbox 322 4096 1481 4613">
    <p class='ocr_par' dir='ltr' id='par_1_13' title="bbox 322 4096 1481 4377">
     <span class='ocr_line' id='line_1_34' title="bbox 322 4096 1481 4189; baseline -0.001 -23"><span class='ocrx_word' id='word_1_236' title='bbox 322 4102 463 4185; x_wconf 90' lang='lat' dir='ltr'>ismum,</span> <span class='ocrx_word' id='word_1_237' title='bbox 498 4096 533 4166; x_wconf 77' lang='grc' dir='ltr'>3ο</span> <span class='ocrx_word' id='word_1_238' title='bbox 559 4103 641 4180; x_wconf 89' lang='lat' dir='ltr'>legis</span> <span class='ocrx_word' id='word_1_239' title='bbox 672 4104 880 4189; x_wconf 85' lang='lat' dir='ltr'>neglectum,</span> <span class='ocrx_word' id='word_1_240' title='bbox 917 4107 953 4171; x_wconf 86' lang='lat'>4⁰</span> <span class='ocrx_word' id='word_1_241' title='bbox 973 4106 1245 4172; x_wconf 87' lang='lat' dir='ltr'>dissentientium</span> <span class='ocrx_word' id='word_1_242' title='bbox 1279 4107 1316 4170; x_wconf 91' lang='lat' dir='ltr'>irr</span> <span class='ocrx_word' id='word_1_243' title='bbox 1340 4103 1481 4170; x_wconf 83' lang='lat' dir='ltr'>Ecclesia</span> 
     </span>
     <span class='ocr_line' id='line_1_35' title="bbox 322 4202 1478 4292; baseline 0.002 -21"><span class='ocrx_word' id='word_1_244' title='bbox 322 4207 500 4272; x_wconf 91' lang='lat' dir='ltr'>hominum</span> <span class='ocrx_word' id='word_1_245' title='bbox 519 4208 676 4288; x_wconf 88' lang='lat' dir='ltr'>livorem,</span> <span class='ocrx_word' id='word_1_246' title='bbox 699 4204 735 4274; x_wconf 80' lang='lat'>5⁰</span> <span class='ocrx_word' id='word_1_247' title='bbox 753 4202 945 4290; x_wconf 85' lang='lat' dir='ltr'>contagium</span> <span class='ocrx_word' id='word_1_248' title='bbox 966 4212 1052 4292; x_wconf 89' lang='lat' dir='ltr'>quod</span> <span class='ocrx_word' id='word_1_249' title='bbox 1071 4213 1245 4276; x_wconf 86' lang='lat' dir='ltr'>metuebat</span> <span class='ocrx_word' id='word_1_250' title='bbox 1265 4213 1308 4276; x_wconf 91' lang='lat' dir='ltr'>ab</span> <span class='ocrx_word' id='word_1_251' title='bbox 1328 4211 1348 4275; x_wconf 91' lang='lat' dir='ltr'><strong>J</strong></span> <span class='ocrx_word' id='word_1_252' title='bbox 1350 4208 1461 4275; x_wconf 89' lang='lat' dir='ltr'>udaeis</span> <span class='ocrx_word' id='word_1_253' title='bbox 1472 4226 1478 4286; x_wconf 92' lang='lat'>;</span> 
     </span>
     <span class='ocr_line' id='line_1_36' title="bbox 324 4313 506 4377; baseline 0 0"><span class='ocrx_word' id='word_1_254' title='bbox 324 4313 378 4377; x_wconf 91' lang='lat' dir='ltr'>vel</span> <span class='ocrx_word' id='word_1_255' title='bbox 402 4314 506 4377; x_wconf 89' lang='lat' dir='ltr'>etiam</span> 
     </span>
    </p>

    <p class='ocr_par' dir='ltr' id='par_1_14' title="bbox 325 4413 1480 4613">
     <span class='ocr_line' id='line_1_37' title="bbox 368 4413 1480 4512; baseline 0 -31"><span class='ocrx_word' id='word_1_256' title='bbox 368 4432 533 4497; x_wconf 83' lang='lat' dir='ltr'>exponere</span> <span class='ocrx_word' id='word_1_257' title='bbox 568 4416 602 4480; x_wconf 86' lang='lat'>1⁰</span> <span class='ocrx_word' id='word_1_258' title='bbox 626 4418 699 4498; x_wconf 89' lang='lat' dir='ltr'>ipsa</span> <span class='ocrx_word' id='word_1_259' title='bbox 728 4420 950 4489; x_wconf 79' lang='lat' dir='ltr'>fundamenta</span> <span class='ocrx_word' id='word_1_260' title='bbox 981 4422 1195 4488; x_wconf 83' lang='lat' dir='ltr'>Christianae</span> <span class='ocrx_word' id='word_1_261' title='bbox 1228 4421 1415 4512; x_wconf 87' lang='lat' dir='ltr'>religionis,</span> <span class='ocrx_word' id='word_1_262' title='bbox 1448 4413 1480 4481; x_wconf 75' lang='lat'>2⁰</span> 
     </span>
     <span class='ocr_line' id='line_1_38' title="bbox 325 4522 1480 4613; baseline -0.001 -26"><span class='ocrx_word' id='word_1_263' title='bbox 325 4541 422 4588; x_wconf 89' lang='lat' dir='ltr'>suam</span> <span class='ocrx_word' id='word_1_264' title='bbox 447 4522 510 4587; x_wconf 89' lang='lat' dir='ltr'>sibi</span> <span class='ocrx_word' id='word_1_265' title='bbox 532 4524 702 4603; x_wconf 88' lang='lat' dir='ltr'>propriam</span> <span class='ocrx_word' id='word_1_266' title='bbox 726 4525 863 4590; x_wconf 90' lang='lat' dir='ltr'>docendi</span> <span class='ocrx_word' id='word_1_267' title='bbox 887 4530 1101 4613; x_wconf 90' lang='lat' dir='ltr'>methodum,</span> <span class='ocrx_word' id='word_1_268' title='bbox 1128 4523 1164 4592; x_wconf 79' lang='grc' dir='ltr'>3Ο</span> <span class='ocrx_word' id='word_1_269' title='bbox 1188 4528 1364 4608; x_wconf 84' lang='lat' dir='ltr'>Evangelii</span> <span class='ocrx_word' id='word_1_270' title='bbox 1389 4527 1480 4591; x_wconf 91' lang='lat' dir='ltr'>natu-</span> 
     </span>
    </p>
   </div>
   <div class='ocr_carea' id='block_1_11' title="bbox 0 0 1600 5325">
    <p class='ocr_par' dir='ltr' id='par_1_15' title="bbox 0 0 1600 5325">
     <span class='ocr_line' id='line_1_39' title="bbox 0 0 1600 5325; baseline 0 0"><span class='ocrx_word' id='word_1_271' title='bbox 0 0 1600 5325; x_wconf 95' lang='lat' dir='ltr'> </span> 
     </span>
    </p>
   </div>
  </div>
 </body>
</html>
