3192 5325
885 520 926 583 14

328 701 391 766 sibi
416 704 453 764 ut
476 700 607 764 victum
629 702 803 781 quaereret
825 718 887 766 nec
914 701 1070 782 cuiquam
1093 703 1185 767 oneri
1207 705 1314 768 osset:
1339 702 1420 767 adeo
1433 719 1473 766 ne

325 806 515 887 suspicatur
538 805 674 886 quidem
698 821 832 885 gregem
854 807 998 873 libenter
1023 808 1170 873 conferre
1190 826 1274 889 quae
1286 810 1414 890 pastori
1425 824 1479 872 ne·

325 911 469 978 oessaria
504 914 603 993 sunt;
640 916 776 977 revocat
806 912 985 979 lectoribus
1020 913 1055 978 in
1081 917 1277 981 memoriam
1302 933 1405 997 quam
1428 933 1481 981 co

326 1018 427 1084 miter
457 1018 546 1083 inter
569 1035 649 1083 oves
674 1036 754 1083 suas
781 1019 859 1084 olim
884 1023 1041 1085 versatus
1066 1020 1130 1101 sit;
1151 1038 1254 1102 quam
1277 1022 1400 1086 foverit
1423 1038 1482 1086 333

325 1124 487 1205 planeque
510 1127 648 1205 patemo
671 1142 784 1191 amore
808 1126 855 1191 sit
878 1129 1093 1207 prosecutus;
1128 1144 1189 1192 nec
1212 1130 1348 1193 tantum
1371 1128 1481 1193 Evan-

326 1231 450 1309 gelium
483 1230 596 1297 verbis
626 1232 891 1314 commendavit,
930 1233 987 1297 sed
1020 1235 1133 1297 totum
1168 1234 1259 1297 dedit
1294 1250 1331 1298 se
1366 1234 1481 1315 ipsum

328 1344 409 1413 (vss.
444 1336 557 1419 8-8).
595 1337 775 1402 Molestum
799 1342 854 1401 331
875 1338 1011 1418 quidem
1034 1339 1207 1405 defendere
1231 1357 1268 1405 33
1291 1321 1403 1421 ipsum
1426 1340 1482 1404 ad·

326 1460 446 1508 versus
470 1446 586 1523 turpes
610 1443 877 1523 criminationes²
903 1444 961 1507 sed
983 1444 1139 1528 lectores,
1165 1445 1266 1529 eheu,
1291 1448 1391 1525 egent
1416 1444 1479 1510 tali

326 1550 483 1631 apologia.
520 1548 736 1623 Μνημονεῦετε
763 1546 847 1626 γάρ,
873 1547 1022 1626 ἀδελφοί,
1048 1552 1098 1613 τὸν
1124 1550 1215 1614 κόπον
1241 1554 1322 1626 ἡμῶν
1348 1550 1400 1614 καὶ
1427 1550 1480 1613 τὸν

326 1656 457 1737 μόχθον,
478 1674 530 1720 vs.
557 1656 587 1719 9.
621 1656 753 1736 Optime
776 1659 903 1720 norunt
926 1674 1028 1738 quam
1051 1660 1188 1724 strenue
1211 1659 1387 1724 laborando
1407 1675 1480 1739 pas·

326 1766 379 1829 tor
403 1780 438 1830 se
461 1764 578 1827 noctes
601 1762 725 1842 pariter
749 1765 850 1842 atque
884 1762 955 1827 dies
979 1762 1052 1828 sine
1076 1764 1252 1830 intervallo
1274 1764 1478 1843 exercuerit;

325 1887 429 1952 quam
452 1866 537 1935 ὁσίως
563 1867 613 1929 καὶ
640 1866 759 1934 δικαίως
785 1866 837 1929 xci
863 1866 1038 1940 ἀμέμπτως
1063 1887 1193 1951 semper
1219 1870 1360 1951 vixerit,
1375 1869 1482 1951 patris

325 1978 434 2042 instar
457 1973 604 2052 singulos
627 1975 925 2039 commonefaciens
950 1974 1014 2058 (vs.
1040 1977 1179 2059 9-11),
1203 1980 1243 2041 ut
1266 1975 1480 2042 ambularent

326 2082 423 2161 digne
440 2081 522 2178 Deo,
538 2080 595 2161 qui
608 2081 742 2145 vocavit
755 2098 813 2145 eos
826 2081 861 2145 in
874 2099 976 2146 suum
988 2098 1128 2161 regnum
1140 2086 1176 2148 et
1188 2084 1340 2166 gloriam,
1356 2101 1398 2148 vs
1425 2084 1477 2147 12.

370 2190 451 2254 Post
487 2190 515 2270 2,
554 2189 593 2251 12
628 2187 755 2251 reditur
785 2188 827 2251 ad
859 2188 1049 2268 superbiam
1073 2190 1172 2269 primi
1198 2190 1327 2271 capitis.
1365 2187 1476 2254 Verba

326 2293 497 2375 scriptoris
520 2308 599 2357 vere
623 2292 736 2356 divina
759 2293 862 2357 verba
886 2296 968 2357 sunt
988 2294 1210 2376 laudaturque
1229 2296 1367 2360 ecclesia
1388 2295 1475 2376 quod

326 2402 441 2466 divina
473 2401 574 2464 verba
605 2415 678 2463 3333
709 2399 863 2481 credidit,
896 2416 948 2470 vs.
986 2400 1036 2463 13.
1069 2400 1214 2466 Pelluoet
1245 2401 1473 2483 vehementia,

324 2508 465 2590 pellucet
495 2504 682 2587 severitas,·
708 2504 851 2586 pellucet
875 2506 1046 2570 maiestas.
1077 2507 1184 2587 Quam
1206 2509 1327 2573 acriter
1352 2508 1476 2572 bellum

324 2598 410 2697 gerit
443 2613 606 2679 adversus
641 2611 785 2677 Judaeos
820 2611 983 2690 1113111331
1016 2615 1049 2678 in
1082 2613 1288 2680 Palaestina!
1322 2615 1408 2696 Quin
1438 2615 1473 2678 31

324 2722 500 2787 interitum
532 2719 574 2784 113
604 2718 812 2784 vaticinatur
835 2722 1011 2800 tamquam
1036 2739 1124 2786 unus
1147 2722 1187 2786 de
1210 2722 1384 2803 Prophetis
1408 2722 1470 2804 (vs.

325 2828 471 2894 14-16:
496 2824 613 2902 ἔφθακε
640 2824 670 2886 δὲ
700 2827 716 2897 ἡ
742 2824 815 2898 ὀργὴ
841 2823 891 2886 ἐπ’
917 2825 1029 2894 αὐτοὺς
1053 2827 1096 2896 εἷς
1122 2827 1233 2910 τέλος).

369 2934 457 2999 Modi
480 2932 587 2997 denuo
608 2933 789 2996 mutantur
808 2949 859 2996 vs.
884 2931 923 2998 17
946 2936 981 2997 et
1000 2933 1124 2998 iterum
1142 2935 1299 3000 audimus
1311 2935 1474 3015 placidam

322 3033 446 3107 vocem’
474 3039 539 3103 viri
570 3037 659 3103 illius
687 3037 779 3118 probi
810 3055 849 3102 ac
879 3039 1036 3119 modesti,
1070 3040 1126 3120 qui
1159 3059 1208 3105 vs.
1237 3044 1277 3106 18
1302 3058 1338 3105 33
1361 3042 1473 3122 ipsum

324 3146 467 3213 Paulum
501 3145 655 3225 appellat.
688 3144 761 3208 Hoc
791 3161 914 3209 nomen
938 3145 1010 3210 cius
1035 3147 1245 3212 servabimus
1268 3148 1474 3228 scriptorem-

324 3273 405 3336 que,
431 3269 530 3334 quem
555 3251 641 3315 infra
663 3251 765 3316 toties
790 3268 967 3330 pergemus
991 3269 1188 3334 agnoscere,
1216 3253 1360 3318 Paulum
1384 3253 1474 3334 Epis·

205 3367 206 3370 ’
325 3377 445 3441 copum
482 3354 731 3439 appellabimus.
768 3356 903 3422 Collatia
934 3358 976 3422 113
1005 3375 1090 3439 quae
1113 3360 1351 3425 adnotavimus
1375 3360 1417 3424 ad
1443 3361 1472 3442 2,

322 3467 448 3548 2-12,
471 3481 514 3529 ex
533 3462 743 3528 densissimis
764 3463 913 3527 tenebris
931 3464 1093 3543 quaedam
1112 3465 1146 3529 in
1169 3465 1251 3530 facie
1271 3465 1476 3531 lineamenta

324 3572 421 3654 quasi
455 3570 631 3650 depingere
655 3586 751 3650 posse
770 3569 841 3650 Jam
866 3568 1027 3633 videmur.
1052 3571 1199 3635 Amabili
1223 3572 1295 3636 seni
1320 3573 1475 3636 absentia

325 3678 438 3758 gravis
460 3679 594 3742 estnec
618 3674 726 3752 magis
751 3691 833 3753 grex
856 3674 1023 3739 desiderat
1046 3679 1215 3756 pastorem
1238 3695 1340 3758 quam
1360 3682 1476 3759 pastor

323 3783 537 3850 carissimum
564 3797 706 3860 gregem.
732 3781 878 3859 Tempus
902 3798 968 3845 non
992 3781 1116 3847 minuit
1139 3801 1288 3848 amorem
1305 3787 1341 3849 et
1362 3777 1477 3851 omnia

322 3890 523 3955 eisuadent
545 3889 585 3952 ut
610 3903 689 3951 oves
713 3885 850 3950 revisat.
876 3885 943 3950 Cur
965 3889 1115 3953 nondum
1135 3890 1289 3954 venerit?
1313 3890 1388 3955 Non
1409 3892 1476 3956 fuit

323 3994 559 4077 quotidianum
594 3993 648 4057 vel
684 3992 807 4056 tritum
824 3994 910 4056 —et
939 3994 1039 4058 simul
1070 3995 1283 4073 agnoscimus
1306 3997 1480 4062 hominem

317 4102 530 4186 mysticismo
559 4099 809 4179 emancipatum
826 4135 858 4144 -
877 4100 964 4179 quod
988 4118 1066 4165 eum
1085 4102 1257 4183 hucusque
1275 4104 1317 4167 ab
1336 4105 1476 4169 Thessa-

315 4207 431 4274 lonica
452 4206 587 4272 avertit.
609 4204 735 4284 Nempe
753 4203 897 4270 Satanas
909 4207 1086 4287 impedivit
1097 4207 1286 4290 iterumque
1299 4210 1478 4291 impedivit

316 4318 356 4380 ut
392 4331 449 4380 eos
486 4312 666 4394 inviseret,
701 4312 823 4392 quibus
857 4313 909 4378 die
946 4313 1080 4378 Domini
1111 4316 1274 4398 sperabit,
1300 4318 1473 4400 gaudebit,

327 4420 533 4504 gloriabitur.

371 4527 443 4594 Hoc
481 4524 577 4592 modo
609 4524 717 4605 pergit
749 4525 855 4592 dicere
887 4543 945 4608 per
974 4528 1086 4593 totum
1108 4531 1210 4609 caput
1233 4528 1392 4613 tertium,
1409 4531 1478 4598 'sed
