<?xml version="1.0" encoding="UTF-8"?>
<!DOCTYPE html PUBLIC "-//W3C//DTD XHTML 1.0 Transitional//EN"
    "http://www.w3.org/TR/xhtml1/DTD/xhtml1-transitional.dtd">
<html xmlns="http://www.w3.org/1999/xhtml" xml:lang="en" lang="en">
 <head>
  <title>
</title>
<meta http-equiv="Content-Type" content="text/html;charset=utf-8" />
  <meta name='ocr-system' content='tesseract 3.04.00' />
  <meta name='ocr-capabilities' content='ocr_page ocr_carea ocr_par ocr_line ocrx_word'/>
</head>
<body>
  <div class='ocr_page' id='page_1' title='image "./verisimilialace00nabegoog_0035.png"; bbox 0 0 3192 5325; ppageno 0'>
   <div class='ocr_carea' id='block_1_1' title="bbox 692 550 730 613">
    <p class='ocr_par' dir='ltr' id='par_1_1' title="bbox 692 550 730 613">
     <span class='ocr_line' id='line_1_1' title="bbox 692 550 730 613; baseline 0 0"><span class='ocrx_word' id='word_1_1' title='bbox 692 550 730 613; x_wconf 92' lang='lat'><em>11</em></span> 
     </span>
    </p>
   </div>
   <div class='ocr_carea' id='block_1_2' title="bbox 132 721 1293 4112">
    <p class='ocr_par' dir='ltr' id='par_1_2' title="bbox 132 721 1293 1659">
     <span class='ocr_line' id='line_1_2' title="bbox 135 721 1292 814; baseline 0.003 -20"><span class='ocrx_word' id='word_1_2' title='bbox 135 734 239 810; x_wconf 89' lang='lat' dir='ltr'>sunt,</span> <span class='ocrx_word' id='word_1_3' title='bbox 274 731 345 796; x_wconf 87' lang='lat' dir='ltr'>fieri</span> <span class='ocrx_word' id='word_1_4' title='bbox 369 735 481 813; x_wconf 89' lang='lat' dir='ltr'>potest</span> <span class='ocrx_word' id='word_1_5' title='bbox 505 734 546 796; x_wconf 94' lang='lat' dir='ltr'><em>ut</em></span> <span class='ocrx_word' id='word_1_6' title='bbox 569 735 646 814; x_wconf 85' lang='lat' dir='ltr'>post</span> <span class='ocrx_word' id='word_1_7' title='bbox 670 738 810 804; x_wconf 74' lang='grc' dir='ltr'><em>λαλῆσαι</em></span> <span class='ocrx_word' id='word_1_8' title='bbox 835 731 924 796; x_wconf 83' lang='lat' dir='ltr'>aliud</span> <span class='ocrx_word' id='word_1_9' title='bbox 944 721 1111 814; x_wconf 85' lang='lat' dir='ltr'>objectum</span> <span class='ocrx_word' id='word_1_10' title='bbox 1135 731 1292 797; x_wconf 86' lang='lat' dir='ltr'>subintel-</span> 
     </span>
     <span class='ocr_line' id='line_1_3' title="bbox 132 837 1292 922; baseline 0.002 -22"><span class='ocrx_word' id='word_1_11' title='bbox 132 837 195 914; x_wconf 84' lang='lat' dir='ltr'>ligi</span> <span class='ocrx_word' id='word_1_12' title='bbox 218 839 336 903; x_wconf 89' lang='lat' dir='ltr'>debeat</span> <span class='ocrx_word' id='word_1_13' title='bbox 358 839 498 919; x_wconf 82' lang='lat' dir='ltr'>indeque</span> <span class='ocrx_word' id='word_1_14' title='bbox 522 839 717 922; x_wconf 70' lang='lat' dir='ltr'>conjicimus</span> <span class='ocrx_word' id='word_1_15' title='bbox 741 857 810 903; x_wconf 78' lang='lat' dir='ltr'><em>uss</em></span> <span class='ocrx_word' id='word_1_16' title='bbox 840 837 881 902; x_wconf 86' lang='lat'><em>15</em></span> <span class='ocrx_word' id='word_1_17' title='bbox 905 841 941 902; x_wconf 91' lang='lat' dir='ltr'><em>et</em></span> <span class='ocrx_word' id='word_1_18' title='bbox 967 839 1008 902; x_wconf 88' lang='lat'><em>16</em></span> <span class='ocrx_word' id='word_1_19' title='bbox 1032 839 1292 903; x_wconf 84' lang='lat' dir='ltr'>desumtosesse</span> 
     </span>
     <span class='ocr_line' id='line_1_4' title="bbox 134 944 1293 1026; baseline 0.001 -18"><span class='ocrx_word' id='word_1_20' title='bbox 134 961 181 1008; x_wconf 83' lang='lat' dir='ltr'><em>ex</em></span> <span class='ocrx_word' id='word_1_21' title='bbox 212 944 295 1010; x_wconf 92' lang='lat' dir='ltr'>libro</span> <span class='ocrx_word' id='word_1_22' title='bbox 329 945 500 1011; x_wconf 86' lang='lat' dir='ltr'>Israelitae</span> <span class='ocrx_word' id='word_1_23' title='bbox 534 945 727 1026; x_wconf 82' lang='lat' dir='ltr'>cuiusdam,</span> <span class='ocrx_word' id='word_1_24' title='bbox 765 944 879 1026; x_wconf 86' lang='lat' dir='ltr'>quales</span> <span class='ocrx_word' id='word_1_25' title='bbox 909 944 1046 1010; x_wconf 85' lang='lat' dir='ltr'>Flavius</span> <span class='ocrx_word' id='word_1_26' title='bbox 1076 945 1237 1025; x_wconf 86' lang='lat' dir='ltr'>Iosephus</span> <span class='ocrx_word' id='word_1_27' title='bbox 1259 947 1293 1009; x_wconf 90' lang='lat' dir='ltr'><em>et</em></span> 
     </span>
     <span class='ocr_line' id='line_1_5' title="bbox 135 1051 1292 1134; baseline 0.002 -19"><span class='ocrx_word' id='word_1_28' title='bbox 135 1051 257 1116; x_wconf 81' lang='lat' dir='ltr'>Strabo</span> <span class='ocrx_word' id='word_1_29' title='bbox 289 1052 532 1133; x_wconf 86' lang='lat' dir='ltr'>depinxerunt,</span> <span class='ocrx_word' id='word_1_30' title='bbox 566 1052 639 1134; x_wconf 84' lang='lat' dir='ltr'>qui,</span> <span class='ocrx_word' id='word_1_31' title='bbox 675 1068 780 1133; x_wconf 89' lang='lat' dir='ltr'>quum</span> <span class='ocrx_word' id='word_1_32' title='bbox 811 1053 927 1117; x_wconf 80' lang='lat' dir='ltr'>lesum</span> <span class='ocrx_word' id='word_1_33' title='bbox 958 1051 1159 1132; x_wconf 86' lang='lat' dir='ltr'>Prophetam</span> <span class='ocrx_word' id='word_1_34' title='bbox 1189 1052 1292 1117; x_wconf 80' lang='lat' dir='ltr'>luisse</span> 
     </span>
     <span class='ocr_line' id='line_1_6' title="bbox 135 1156 1290 1240; baseline 0 -19"><span class='ocrx_word' id='word_1_35' title='bbox 135 1158 370 1237; x_wconf 74' lang='lat' dir='ltr'>concederent,</span> <span class='ocrx_word' id='word_1_36' title='bbox 393 1156 484 1240; x_wconf 82' lang='lat' dir='ltr'>(Vide</span> <span class='ocrx_word' id='word_1_37' title='bbox 521 1159 619 1224; x_wconf 84' lang='lat' dir='ltr'>mode</span> <span class='ocrx_word' id='word_1_38' title='bbox 643 1158 757 1230; x_wconf 83' lang='grc' dir='ltr'><em>Ἰησοῦν</em></span> <span class='ocrx_word' id='word_1_39' title='bbox 785 1157 837 1220; x_wconf 78' lang='grc' dir='ltr'><em>καί</em></span> <span class='ocrx_word' id='word_1_40' title='bbox 863 1156 931 1224; x_wconf 84' lang='grc' dir='ltr'><em>τοὺς</em></span> <span class='ocrx_word' id='word_1_41' title='bbox 957 1157 1119 1234; x_wconf 72' lang='grc' dir='ltr'><em>προφήτας</em></span> <span class='ocrx_word' id='word_1_42' title='bbox 1144 1175 1194 1221; x_wconf 81' lang='lat' dir='ltr'><em>vs.</em></span> <span class='ocrx_word' id='word_1_43' title='bbox 1222 1156 1290 1238; x_wconf 81' lang='grc'><em>15),</em></span> 
     </span>
     <span class='ocr_line' id='line_1_7' title="bbox 134 1262 1291 1345; baseline 0.002 -19"><span class='ocrx_word' id='word_1_44' title='bbox 134 1263 227 1327; x_wconf 91' lang='lat' dir='ltr'>inter</span> <span class='ocrx_word' id='word_1_45' title='bbox 257 1264 399 1342; x_wconf 88' lang='lat' dir='ltr'>gentiles</span> <span class='ocrx_word' id='word_1_46' title='bbox 429 1265 647 1344; x_wconf 88' lang='lat' dir='ltr'>praedicando</span> <span class='ocrx_word' id='word_1_47' title='bbox 678 1267 873 1345; x_wconf 78' lang='lat' dir='ltr'>spargerent</span> <span class='ocrx_word' id='word_1_48' title='bbox 904 1263 1077 1328; x_wconf 80' lang='lat' dir='ltr'>iudaicam</span> <span class='ocrx_word' id='word_1_49' title='bbox 1099 1262 1291 1341; x_wconf 83' lang='lat' dir='ltr'>religionem</span> 
     </span>
     <span class='ocr_line' id='line_1_8' title="bbox 135 1369 1291 1463; baseline 0 -31"><span class='ocrx_word' id='word_1_50' title='bbox 135 1369 359 1450; x_wconf 76' lang='lat' dir='ltr'>philosophice</span> <span class='ocrx_word' id='word_1_51' title='bbox 382 1371 527 1435; x_wconf 90' lang='lat' dir='ltr'>tinctam</span> <span class='ocrx_word' id='word_1_52' title='bbox 552 1374 586 1435; x_wconf 91' lang='lat' dir='ltr'><em>et</em></span> <span class='ocrx_word' id='word_1_53' title='bbox 610 1372 792 1436; x_wconf 80' lang='lat' dir='ltr'>coloratam</span> <span class='ocrx_word' id='word_1_54' title='bbox 816 1371 1060 1451; x_wconf 87' lang='lat' dir='ltr'>probarentque</span> <span class='ocrx_word' id='word_1_55' title='bbox 1083 1370 1195 1463; x_wconf 80' lang='lat' dir='ltr'>avitae</span> <span class='ocrx_word' id='word_1_56' title='bbox 1214 1369 1291 1433; x_wconf 84' lang='lat' dir='ltr'>fidei</span> 
     </span>
     <span class='ocr_line' id='line_1_9' title="bbox 134 1474 1290 1558; baseline 0.003 -20"><span class='ocrx_word' id='word_1_57' title='bbox 134 1474 205 1539; x_wconf 89' lang='lat' dir='ltr'>loco</span> <span class='ocrx_word' id='word_1_58' title='bbox 230 1493 318 1548; x_wconf 87' lang='lat' dir='ltr'>nova</span> <span class='ocrx_word' id='word_1_59' title='bbox 342 1476 516 1558; x_wconf 85' lang='lat' dir='ltr'>dogmata,</span> <span class='ocrx_word' id='word_1_60' title='bbox 538 1493 623 1557; x_wconf 89' lang='lat' dir='ltr'>quae</span> <span class='ocrx_word' id='word_1_61' title='bbox 644 1476 769 1542; x_wconf 87' lang='lat' dir='ltr'>scribae</span> <span class='ocrx_word' id='word_1_62' title='bbox 789 1475 1085 1558; x_wconf 87' lang='lat' dir='ltr'>Hierosolymitani</span> <span class='ocrx_word' id='word_1_63' title='bbox 1102 1475 1290 1555; x_wconf 88' lang='lat' dir='ltr'>canopeius</span> 
     </span>
     <span class='ocr_line' id='line_1_10' title="bbox 133 1582 837 1659; baseline 0.001 -15"><span class='ocrx_word' id='word_1_64' title='bbox 133 1584 172 1644; x_wconf 91' lang='lat' dir='ltr'><em>et</em></span> <span class='ocrx_word' id='word_1_65' title='bbox 194 1597 302 1659; x_wconf 89' lang='lat' dir='ltr'>angue</span> <span class='ocrx_word' id='word_1_66' title='bbox 326 1582 464 1646; x_wconf 85' lang='lat' dir='ltr'>oderant</span> <span class='ocrx_word' id='word_1_67' title='bbox 488 1585 523 1647; x_wconf 91' lang='lat' dir='ltr'><em>et</em></span> <span class='ocrx_word' id='word_1_68' title='bbox 547 1583 837 1648; x_wconf 74' lang='lat' dir='ltr'>abominabantur.</span> 
     </span>
    </p>

    <p class='ocr_par' dir='ltr' id='par_1_3' title="bbox 134 1682 1289 3154">
     <span class='ocr_line' id='line_1_11' title="bbox 182 1682 1287 1769; baseline -0.002 -19"><span class='ocrx_word' id='word_1_69' title='bbox 182 1686 374 1752; x_wconf 90' lang='lat' dir='ltr'>Describere</span> <span class='ocrx_word' id='word_1_70' title='bbox 401 1689 500 1769; x_wconf 79' lang='lat' dir='ltr'>Juvat</span> <span class='ocrx_word' id='word_1_71' title='bbox 532 1707 574 1754; x_wconf 81' lang='lat' dir='ltr'><em>ex</em></span> <span class='ocrx_word' id='word_1_72' title='bbox 604 1688 739 1769; x_wconf 84' lang='lat' dir='ltr'>Josephi</span> <span class='ocrx_word' id='word_1_73' title='bbox 763 1687 934 1752; x_wconf 87' lang='lat' dir='ltr'>Archaeol.</span> <span class='ocrx_word' id='word_1_74' title='bbox 963 1688 1015 1751; x_wconf 84' lang='lat'><em>20.</em></span> <span class='ocrx_word' id='word_1_75' title='bbox 1041 1689 1073 1753; x_wconf 80' lang='lat'><em>2.</em></span> <span class='ocrx_word' id='word_1_76' title='bbox 1099 1689 1136 1752; x_wconf 86' lang='lat'><em>4:</em></span> <span class='ocrx_word' id='word_1_77' title='bbox 1161 1684 1230 1748; x_wconf 80' lang='grc' dir='ltr'><em>καθ’</em></span> <span class='ocrx_word' id='word_1_78' title='bbox 1257 1682 1287 1750; x_wconf 81' lang='grc' dir='ltr'><em>ὃν</em></span> 
     </span>
     <span class='ocr_line' id='line_1_12' title="bbox 134 1791 1289 1874; baseline 0.001 -18"><span class='ocrx_word' id='word_1_79' title='bbox 134 1793 169 1857; x_wconf 82' lang='grc' dir='ltr'><em>δὲ</em></span> <span class='ocrx_word' id='word_1_80' title='bbox 192 1794 292 1870; x_wconf 83' lang='grc' dir='ltr'><em>καιρὸν</em></span> <span class='ocrx_word' id='word_1_81' title='bbox 317 1793 330 1855; x_wconf 83' lang='grc' dir='ltr'><em>θ</em></span> <span class='ocrx_word' id='word_1_82' title='bbox 353 1792 475 1873; x_wconf 79' lang='grc' dir='ltr'><em>Ἰζοίτης</em></span> <span class='ocrx_word' id='word_1_83' title='bbox 501 1801 570 1872; x_wconf 81' lang='grc' dir='ltr'><em>(τῶν</em></span> <span class='ocrx_word' id='word_1_84' title='bbox 595 1793 785 1868; x_wconf 75' lang='grc' dir='ltr'><em>Ἀδιαβηνῶν</em></span> <span class='ocrx_word' id='word_1_85' title='bbox 818 1791 985 1874; x_wconf 74' lang='grc' dir='ltr'><em>βασιηεὺς)</em></span> <span class='ocrx_word' id='word_1_86' title='bbox 1011 1794 1040 1856; x_wconf 82' lang='grc' dir='ltr'><em>ἐν</em></span> <span class='ocrx_word' id='word_1_87' title='bbox 1065 1795 1105 1870; x_wconf 80' lang='grc' dir='ltr'><em>τῷ</em></span> <span class='ocrx_word' id='word_1_88' title='bbox 1132 1793 1289 1856; x_wconf 76' lang='grc' dir='ltr'><em>Σπασίνου</em></span> 
     </span>
     <span class='ocr_line' id='line_1_13' title="bbox 135 1897 1287 1979; baseline 0.001 -17"><span class='ocrx_word' id='word_1_89' title='bbox 135 1899 255 1977; x_wconf 83' lang='grc' dir='ltr'><em>χοίρακι</em></span> <span class='ocrx_word' id='word_1_90' title='bbox 289 1899 453 1979; x_wconf 77' lang='grc' dir='ltr'><em>διέτριβεν,</em></span> <span class='ocrx_word' id='word_1_91' title='bbox 487 1900 631 1969; x_wconf 83' lang='grc' dir='ltr'><em>Ἰουδαῑθς</em></span> <span class='ocrx_word' id='word_1_92' title='bbox 661 1924 707 1970; x_wconf 92' lang='grc' dir='ltr'><em>τις</em></span> <span class='ocrx_word' id='word_1_93' title='bbox 732 1897 880 1975; x_wconf 84' lang='grc' dir='ltr'><em>ἔμπορος,</em></span> <span class='ocrx_word' id='word_1_94' title='bbox 906 1901 1050 1968; x_wconf 75' lang='grc' dir='ltr'><em>Ἀνανίας</em></span> <span class='ocrx_word' id='word_1_95' title='bbox 1077 1897 1189 1976; x_wconf 69' lang='grc' dir='ltr'><em>ὄνομα,</em></span> <span class='ocrx_word' id='word_1_96' title='bbox 1216 1900 1287 1976; x_wconf 81' lang='grc' dir='ltr'><em>πρὸς</em></span> 
     </span>
     <span class='ocr_line' id='line_1_14' title="bbox 135 2005 1287 2084; baseline 0.003 -17"><span class='ocrx_word' id='word_1_97' title='bbox 135 2005 196 2076; x_wconf 81' lang='grc' dir='ltr'><em>τίος</em></span> <span class='ocrx_word' id='word_1_98' title='bbox 221 2014 374 2081; x_wconf 74' lang='grc' dir='ltr'><em>γυναῖκας</em></span> <span class='ocrx_word' id='word_1_99' title='bbox 398 2005 495 2072; x_wconf 78' lang='grc' dir='ltr'><em>εἷσιιθν</em></span> <span class='ocrx_word' id='word_1_100' title='bbox 519 2013 572 2071; x_wconf 78' lang='grc' dir='ltr'><em>τοῦ</em></span> <span class='ocrx_word' id='word_1_101' title='bbox 596 2007 754 2084; x_wconf 77' lang='grc' dir='ltr'><em>βασιλέως</em></span> <span class='ocrx_word' id='word_1_102' title='bbox 779 2007 935 2069; x_wconf 80' lang='grc' dir='ltr'><em>ἐδίδασκεν</em></span> <span class='ocrx_word' id='word_1_103' title='bbox 959 2005 1059 2076; x_wconf 73' lang='grc' dir='ltr'><em>αὐτὰρ</em></span> <span class='ocrx_word' id='word_1_104' title='bbox 1085 2007 1135 2069; x_wconf 82' lang='grc' dir='ltr'><em>τὸν</em></span> <span class='ocrx_word' id='word_1_105' title='bbox 1159 2008 1221 2069; x_wconf 81' lang='grc' dir='ltr'><em>θεὸν</em></span> <span class='ocrx_word' id='word_1_106' title='bbox 1238 2007 1287 2070; x_wconf 79' lang='grc' dir='ltr'><em>εὖ·</em></span> 
     </span>
     <span class='ocr_line' id='line_1_15' title="bbox 136 2110 1287 2190; baseline 0.002 -16"><span class='ocrx_word' id='word_1_107' title='bbox 136 2111 245 2186; x_wconf 80' lang='grc' dir='ltr'><em>σεβεῖν</em></span> <span class='ocrx_word' id='word_1_108' title='bbox 268 2114 306 2181; x_wconf 84' lang='grc' dir='ltr'><em>ὡς</em></span> <span class='ocrx_word' id='word_1_109' title='bbox 333 2112 485 2183; x_wconf 83' lang='grc' dir='ltr'><em>Ἰουδαίοις</em></span> <span class='ocrx_word' id='word_1_110' title='bbox 511 2113 637 2190; x_wconf 79' lang='grc' dir='ltr'><em>πάτριον</em></span> <span class='ocrx_word' id='word_1_111' title='bbox 662 2110 694 2187; x_wconf 81' lang='grc' dir='ltr'><em>ἦν</em></span> <span class='ocrx_word' id='word_1_112' title='bbox 719 2114 771 2176; x_wconf 79' lang='grc' dir='ltr'><em>καί</em></span> <span class='ocrx_word' id='word_1_113' title='bbox 797 2112 832 2185; x_wconf 77' lang='grc' dir='ltr'><em>δη</em></span> <span class='ocrx_word' id='word_1_114' title='bbox 850 2111 887 2174; x_wconf 90' lang='grc' dir='ltr'><em>δι’</em></span> <span class='ocrx_word' id='word_1_115' title='bbox 901 2112 1000 2175; x_wconf 76' lang='grc' dir='ltr'><em>αὐτῶν</em></span> <span class='ocrx_word' id='word_1_116' title='bbox 1021 2113 1062 2182; x_wconf 87' lang='grc' dir='ltr'><em>είς</em></span> <span class='ocrx_word' id='word_1_117' title='bbox 1083 2118 1192 2188; x_wconf 74' lang='grc' dir='ltr'><em>γνῶσιν</em></span> <span class='ocrx_word' id='word_1_118' title='bbox 1212 2115 1287 2189; x_wconf 80' lang='grc' dir='ltr'><em>οὶφι·</em></span> 
     </span>
     <span class='ocr_line' id='line_1_16' title="bbox 136 2217 1287 2300; baseline 0.001 -21"><span class='ocrx_word' id='word_1_119' title='bbox 136 2217 263 2293; x_wconf 88' lang='grc' dir='ltr'><em>κθμενος</em></span> <span class='ocrx_word' id='word_1_120' title='bbox 296 2221 337 2298; x_wconf 78' lang='grc' dir='ltr'><em>τῷ</em></span> <span class='ocrx_word' id='word_1_121' title='bbox 370 2218 474 2300; x_wconf 84' lang='grc' dir='ltr'><em>Ἰζοίτη</em></span> <span class='ocrx_word' id='word_1_122' title='bbox 505 2223 641 2284; x_wconf 69' lang='grc' dir='ltr'><em>κάκεῖνον</em></span> <span class='ocrx_word' id='word_1_123' title='bbox 674 2222 780 2295; x_wconf 81' lang='grc' dir='ltr'><em>θμοίιος</em></span> <span class='ocrx_word' id='word_1_124' title='bbox 813 2218 1098 2283; x_wconf 84' lang='grc' dir='ltr'><em>συναυὲπεισε....</em></span> <span class='ocrx_word' id='word_1_125' title='bbox 1123 2219 1287 2291; x_wconf 89' lang='grc' dir='ltr'><em>πυθθμενος</em></span> 
     </span>
     <span class='ocr_line' id='line_1_17' title="bbox 136 2323 1288 2409; baseline 0 -21"><span class='ocrx_word' id='word_1_126' title='bbox 136 2324 169 2388; x_wconf 79' lang='grc' dir='ltr'><em>δὲ</em></span> <span class='ocrx_word' id='word_1_127' title='bbox 194 2325 221 2409; x_wconf 79' lang='grc' dir='ltr'><em>(ὁ</em></span> <span class='ocrx_word' id='word_1_128' title='bbox 248 2323 382 2406; x_wconf 67' lang='grc' dir='ltr'><em>’ίζοίτηςρ</em></span> <span class='ocrx_word' id='word_1_129' title='bbox 405 2329 460 2399; x_wconf 75' lang='grc' dir='ltr'><em>την</em></span> <span class='ocrx_word' id='word_1_130' title='bbox 482 2327 601 2404; x_wconf 77' lang='grc' dir='ltr'><em>μητέρα</em></span> <span class='ocrx_word' id='word_1_131' title='bbox 621 2328 676 2399; x_wconf 79' lang='grc' dir='ltr'><em>την</em></span> <span class='ocrx_word' id='word_1_132' title='bbox 697 2329 806 2390; x_wconf 84' lang='grc' dir='ltr'><em>ἑαυτοῦ</em></span> <span class='ocrx_word' id='word_1_133' title='bbox 827 2324 910 2388; x_wconf 80' lang='grc' dir='ltr'><em>ποίνυ</em></span> <span class='ocrx_word' id='word_1_134' title='bbox 929 2325 1049 2403; x_wconf 84' lang='grc' dir='ltr'><em>χαίρειν</em></span> <span class='ocrx_word' id='word_1_135' title='bbox 1061 2332 1124 2396; x_wconf 82' lang='grc' dir='ltr'><em>τοῖς</em></span> <span class='ocrx_word' id='word_1_136' title='bbox 1138 2325 1288 2388; x_wconf 85' lang='grc' dir='ltr'><em>Ἰουδαίων</em></span> 
     </span>
     <span class='ocr_line' id='line_1_18' title="bbox 135 2430 1287 2516; baseline 0.001 -22"><span class='ocrx_word' id='word_1_137' title='bbox 135 2431 241 2506; x_wconf 78' lang='grc' dir='ltr'><em>ἔθεσιν,</em></span> <span class='ocrx_word' id='word_1_138' title='bbox 274 2430 403 2496; x_wconf 87' lang='grc' dir='ltr'><em>ἔσπευδε</em></span> <span class='ocrx_word' id='word_1_139' title='bbox 440 2435 490 2498; x_wconf 78' lang='grc' dir='ltr'><em>καί</em></span> <span class='ocrx_word' id='word_1_140' title='bbox 526 2436 618 2504; x_wconf 81' lang='grc' dir='ltr'><em>αιἰτδς</em></span> <span class='ocrx_word' id='word_1_141' title='bbox 644 2436 685 2504; x_wconf 87' lang='grc' dir='ltr'><em>είς</em></span> <span class='ocrx_word' id='word_1_142' title='bbox 712 2435 814 2497; x_wconf 78' lang='grc' dir='ltr'><em>ἐκεῖνα</em></span> <span class='ocrx_word' id='word_1_143' title='bbox 838 2431 1079 2516; x_wconf 76' lang='grc' dir='ltr'><em>μετατίθεσθαι,</em></span> <span class='ocrx_word' id='word_1_144' title='bbox 1103 2432 1228 2512; x_wconf 82' lang='grc' dir='ltr'><em>νομίζων</em></span> <span class='ocrx_word' id='word_1_145' title='bbox 1252 2456 1287 2495; x_wconf 87' lang='grc' dir='ltr'><em>τε</em></span> 
     </span>
     <span class='ocr_line' id='line_1_19' title="bbox 135 2533 1287 2617; baseline 0.003 -19"><span class='ocrx_word' id='word_1_146' title='bbox 135 2539 182 2611; x_wconf 78' lang='grc' dir='ltr'><em>μη</em></span> <span class='ocrx_word' id='word_1_147' title='bbox 212 2537 249 2599; x_wconf 84' lang='grc' dir='ltr'><em>ο“ιν</em></span> <span class='ocrx_word' id='word_1_148' title='bbox 282 2535 358 2603; x_wconf 81' lang='grc' dir='ltr'><em>εἶναι</em></span> <span class='ocrx_word' id='word_1_149' title='bbox 382 2540 521 2617; x_wconf 84' lang='grc' dir='ltr'><em>βεβαίως</em></span> <span class='ocrx_word' id='word_1_150' title='bbox 547 2542 687 2610; x_wconf 78' lang='grc' dir='ltr'><em>Ἰουδαῖος</em></span> <span class='ocrx_word' id='word_1_151' title='bbox 713 2540 738 2604; x_wconf 84' lang='grc' dir='ltr'><em>εί</em></span> <span class='ocrx_word' id='word_1_152' title='bbox 763 2540 807 2614; x_wconf 73' lang='grc' dir='ltr'><em>μὴ</em></span> <span class='ocrx_word' id='word_1_153' title='bbox 832 2539 1058 2617; x_wconf 80' lang='grc' dir='ltr'><em>περιτέμνοιτο,</em></span> <span class='ocrx_word' id='word_1_154' title='bbox 1084 2540 1229 2617; x_wconf 88' lang='grc' dir='ltr'><em>πριίττειν</em></span> <span class='ocrx_word' id='word_1_155' title='bbox 1254 2533 1287 2610; x_wconf 79' lang='grc' dir='ltr'><em>ἦν</em></span> 
     </span>
     <span class='ocr_line' id='line_1_20' title="bbox 138 2641 1286 2730; baseline 0.002 -23"><span class='ocrx_word' id='word_1_156' title='bbox 138 2641 347 2719; x_wconf 82' lang='grc' dir='ltr'><em>ἔποιμος....</em></span> <span class='ocrx_word' id='word_1_157' title='bbox 385 2648 529 2713; x_wconf 83' lang='grc' dir='ltr'><em>δυ’νασθαι</em></span> <span class='ocrx_word' id='word_1_158' title='bbox 562 2648 592 2711; x_wconf 78' lang='grc' dir='ltr'><em>δὲ</em></span> <span class='ocrx_word' id='word_1_159' title='bbox 617 2647 710 2711; x_wconf 80' lang='grc' dir='ltr'><em>αὐτὸν</em></span> <span class='ocrx_word' id='word_1_160' title='bbox 746 2646 807 2727; x_wconf 71' lang='grc' dir='ltr'><em>ἔφη</em></span> <span class='ocrx_word' id='word_1_161' title='bbox 840 2645 867 2730; x_wconf 84' lang='grc' dir='ltr'><em>(θ</em></span> <span class='ocrx_word' id='word_1_162' title='bbox 900 2644 1061 2729; x_wconf 81' lang='grc' dir='ltr'><em>Ἀνανίας)</em></span> <span class='ocrx_word' id='word_1_163' title='bbox 1086 2645 1137 2709; x_wconf 79' lang='grc' dir='ltr'><em>καί</em></span> <span class='ocrx_word' id='word_1_164' title='bbox 1162 2645 1286 2724; x_wconf 80' lang='grc' dir='ltr'><em>χειρίς</em></span> 
     </span>
     <span class='ocr_line' id='line_1_21' title="bbox 137 2750 1287 2831; baseline 0.002 -17"><span class='ocrx_word' id='word_1_165' title='bbox 137 2759 209 2825; x_wconf 76' lang='grc' dir='ltr'><em>τῆς</em></span> <span class='ocrx_word' id='word_1_166' title='bbox 247 2763 471 2831; x_wconf 75' lang='grc' dir='ltr'><em>περιτομῆς</em></span> <span class='ocrx_word' id='word_1_167' title='bbox 508 2754 551 2818; x_wconf 81' lang='grc' dir='ltr'><em>τὸ</em></span> <span class='ocrx_word' id='word_1_168' title='bbox 587 2758 691 2819; x_wconf 85' lang='grc' dir='ltr'><em>θεῖον</em></span> <span class='ocrx_word' id='word_1_169' title='bbox 729 2753 887 2827; x_wconf 87' lang='grc' dir='ltr'><em>σε’βειν,</em></span> <span class='ocrx_word' id='word_1_170' title='bbox 921 2750 988 2828; x_wconf 75' lang='grc' dir='ltr'><em>είγε</em></span> <span class='ocrx_word' id='word_1_171' title='bbox 1019 2751 1142 2823; x_wconf 86' lang='grc' dir='ltr'><em>ποίντιος</em></span> <span class='ocrx_word' id='word_1_172' title='bbox 1171 2752 1287 2830; x_wconf 78' lang='grc' dir='ltr'><em>κέκρικε</em></span> 
     </span>
     <span class='ocr_line' id='line_1_22' title="bbox 134 2854 1286 2939; baseline 0 -17"><span class='ocrx_word' id='word_1_173' title='bbox 134 2857 244 2939; x_wconf 80' lang='grc' dir='ltr'><em>ζηλοῦν</em></span> <span class='ocrx_word' id='word_1_174' title='bbox 268 2861 310 2923; x_wconf 80' lang='grc' dir='ltr'><em>τοὶ</em></span> <span class='ocrx_word' id='word_1_175' title='bbox 328 2860 680 2939; x_wconf 76' lang='grc' dir='ltr'><em>ποίτριατιῖινἸουδοιίων</em></span> <span class='ocrx_word' id='word_1_176' title='bbox 701 2864 841 2923; x_wconf 75' lang='grc' dir='ltr'><em>’τοῦτο</em></span> <span class='ocrx_word' id='word_1_177' title='bbox 865 2860 944 2938; x_wconf 74' lang='grc' dir='ltr'><em>γαρ</em></span> <span class='ocrx_word' id='word_1_178' title='bbox 969 2854 1077 2923; x_wconf 78' lang='grc' dir='ltr'><em>εἶναι</em></span> <span class='ocrx_word' id='word_1_179' title='bbox 1103 2859 1286 2936; x_wconf 84' lang='grc' dir='ltr'><em>κυριθτε·</em></span> 
     </span>
     <span class='ocr_line' id='line_1_23' title="bbox 135 2967 1288 3048; baseline 0.003 -19"><span class='ocrx_word' id='word_1_180' title='bbox 135 2989 198 3043; x_wconf 86' lang='grc' dir='ltr'><em>ρον</em></span> <span class='ocrx_word' id='word_1_181' title='bbox 222 2971 292 3029; x_wconf 80' lang='grc' dir='ltr'><em>τοῦ·</em></span> <span class='ocrx_word' id='word_1_182' title='bbox 315 2969 649 3045; x_wconf 78' lang='grc' dir='ltr'><em>περιτέμνεσθαι.</em></span> <span class='ocrx_word' id='word_1_183' title='bbox 674 2969 757 3034; x_wconf 82' lang='lat' dir='ltr'>Ecce</span> <span class='ocrx_word' id='word_1_184' title='bbox 782 2967 945 3047; x_wconf 74' lang='lat' dir='ltr'>iudaeus,</span> <span class='ocrx_word' id='word_1_185' title='bbox 971 2968 1028 3048; x_wconf 90' lang='lat' dir='ltr'>qui</span> <span class='ocrx_word' id='word_1_186' title='bbox 1046 2969 1288 3034; x_wconf 84' lang='lat' dir='ltr'>exterosdocet</span> 
     </span>
     <span class='ocr_line' id='line_1_24' title="bbox 135 3072 616 3154; baseline 0.002 -17"><span class='ocrx_word' id='word_1_187' title='bbox 135 3072 300 3154; x_wconf 81' lang='lat' dir='ltr'>negligere</span> <span class='ocrx_word' id='word_1_188' title='bbox 323 3077 616 3142; x_wconf 90' lang='lat' dir='ltr'>circumcisionem.</span> 
     </span>
    </p>

    <p class='ocr_par' dir='ltr' id='par_1_4' title="bbox 132 3180 1286 4112">
     <span class='ocr_line' id='line_1_25' title="bbox 150 3180 1286 3265; baseline 0.001 -20"><span class='ocrx_word' id='word_1_189' title='bbox 150 3256 154 3261; x_wconf 39' lang='grc'><em>,</em></span> <span class='ocrx_word' id='word_1_190' title='bbox 182 3180 357 3247; x_wconf 76' lang='lat' dir='ltr'>iudaicam</span> <span class='ocrx_word' id='word_1_191' title='bbox 376 3180 567 3262; x_wconf 87' lang='lat' dir='ltr'>religionem</span> <span class='ocrx_word' id='word_1_192' title='bbox 588 3201 690 3263; x_wconf 81' lang='lat' dir='ltr'>quam</span> <span class='ocrx_word' id='word_1_193' title='bbox 714 3183 833 3251; x_wconf 83' lang='lat' dir='ltr'>Strabo</span> <span class='ocrx_word' id='word_1_194' title='bbox 853 3187 935 3252; x_wconf 89' lang='lat' dir='ltr'><em>dum</em></span> <span class='ocrx_word' id='word_1_195' title='bbox 946 3186 1092 3252; x_wconf 92' lang='lat' dir='ltr'>multum</span> <span class='ocrx_word' id='word_1_196' title='bbox 1104 3182 1286 3265; x_wconf 88' lang='lat' dir='ltr'>peregrina·</span> 
     </span>
     <span class='ocr_line' id='line_1_26' title="bbox 135 3285 1284 3375; baseline -0.002 -25"><span class='ocrx_word' id='word_1_197' title='bbox 135 3287 252 3366; x_wconf 83' lang='lat' dir='ltr'>batur,</span> <span class='ocrx_word' id='word_1_198' title='bbox 278 3288 449 3370; x_wconf 88' lang='lat' dir='ltr'>cognovit,</span> <span class='ocrx_word' id='word_1_199' title='bbox 475 3288 524 3353; x_wconf 93' lang='lat' dir='ltr'>ita</span> <span class='ocrx_word' id='word_1_200' title='bbox 555 3288 711 3353; x_wconf 87' lang='lat' dir='ltr'>describit</span> <span class='ocrx_word' id='word_1_201' title='bbox 743 3308 773 3371; x_wconf 94' lang='lat' dir='ltr'><em>p.</em></span> <span class='ocrx_word' id='word_1_202' title='bbox 809 3292 888 3356; x_wconf 76' lang='lat'><em>760:</em></span> <span class='ocrx_word' id='word_1_203' title='bbox 913 3293 1037 3375; x_wconf 88' lang='lat' dir='ltr'>Moses,</span> <span class='ocrx_word' id='word_1_204' title='bbox 1064 3290 1188 3372; x_wconf 84' lang='lat' dir='ltr'>inquit,</span> <span class='ocrx_word' id='word_1_205' title='bbox 1215 3285 1284 3349; x_wconf 70' lang='grc' dir='ltr'><em>ἀντὶ</em></span> 
     </span>
     <span class='ocr_line' id='line_1_27' title="bbox 134 3388 1286 3472; baseline 0.002 -18"><span class='ocrx_word' id='word_1_206' title='bbox 134 3397 195 3454; x_wconf 83' lang='grc' dir='ltr'><em>τῶν</em></span> <span class='ocrx_word' id='word_1_207' title='bbox 227 3388 328 3454; x_wconf 76' lang='grc' dir='ltr'><em>θπλιον</em></span> <span class='ocrx_word' id='word_1_208' title='bbox 363 3393 405 3454; x_wconf 80' lang='grc' dir='ltr'><em>τίς</em></span> <span class='ocrx_word' id='word_1_209' title='bbox 439 3393 503 3471; x_wconf 78' lang='grc' dir='ltr'><em>ίεροδ</em></span> <span class='ocrx_word' id='word_1_210' title='bbox 536 3392 755 3470; x_wconf 80' lang='grc' dir='ltr'><em>τρούβοίλλετο</em></span> <span class='ocrx_word' id='word_1_211' title='bbox 786 3398 838 3459; x_wconf 80' lang='grc' dir='ltr'><em>καί</em></span> <span class='ocrx_word' id='word_1_212' title='bbox 865 3396 899 3459; x_wconf 79' lang='grc' dir='ltr'><em>τὸ</em></span> <span class='ocrx_word' id='word_1_213' title='bbox 925 3399 1014 3467; x_wconf 83' lang='grc' dir='ltr'><em>θεῖον,</em></span> <span class='ocrx_word' id='word_1_214' title='bbox 1041 3394 1155 3472; x_wconf 76' lang='grc' dir='ltr'><em>ἵδρυσιν</em></span> <span class='ocrx_word' id='word_1_215' title='bbox 1179 3395 1286 3458; x_wconf 83' lang='grc' dir='ltr'><em>τούτου</em></span> 
     </span>
     <span class='ocr_line' id='line_1_28' title="bbox 134 3496 1285 3581; baseline 0.003 -22"><span class='ocrx_word' id='word_1_216' title='bbox 134 3496 236 3573; x_wconf 80' lang='grc' dir='ltr'><em>ζητεῖν</em></span> <span class='ocrx_word' id='word_1_217' title='bbox 268 3498 359 3574; x_wconf 77' lang='grc' dir='ltr'><em>οίξιιῖιν</em></span> <span class='ocrx_word' id='word_1_218' title='bbox 393 3500 446 3561; x_wconf 80' lang='grc' dir='ltr'><em>καί</em></span> <span class='ocrx_word' id='word_1_219' title='bbox 478 3498 669 3575; x_wconf 80' lang='grc' dir='ltr'><em>παραδώσειν</em></span> <span class='ocrx_word' id='word_1_220' title='bbox 700 3502 943 3581; x_wconf 82' lang='grc' dir='ltr'><em>ὑπισχνούμενος</em></span> <span class='ocrx_word' id='word_1_221' title='bbox 967 3508 1098 3568; x_wconf 84' lang='grc' dir='ltr'><em>τοιοῦτον</em></span> <span class='ocrx_word' id='word_1_222' title='bbox 1123 3502 1285 3578; x_wconf 81' lang='grc' dir='ltr'><em>σεβασμὸν</em></span> 
     </span>
     <span class='ocr_line' id='line_1_29' title="bbox 134 3604 1285 3691; baseline 0.005 -25"><span class='ocrx_word' id='word_1_223' title='bbox 134 3604 186 3666; x_wconf 79' lang='grc' dir='ltr'><em>καί</em></span> <span class='ocrx_word' id='word_1_224' title='bbox 212 3605 355 3678; x_wconf 87' lang='grc' dir='ltr'><em>τοιαιίτην</em></span> <span class='ocrx_word' id='word_1_225' title='bbox 378 3607 538 3684; x_wconf 83' lang='grc' dir='ltr'><em>ἱεροποιίαν</em></span> <span class='ocrx_word' id='word_1_226' title='bbox 564 3605 627 3680; x_wconf 80' lang='grc' dir='ltr'><em>η’τις</em></span> <span class='ocrx_word' id='word_1_227' title='bbox 652 3606 722 3671; x_wconf 83' lang='grc' dir='ltr'><em>οὔτε</em></span> <span class='ocrx_word' id='word_1_228' title='bbox 746 3610 901 3679; x_wconf 87' lang='grc' dir='ltr'><em>δαποίναις</em></span> <span class='ocrx_word' id='word_1_229' title='bbox 923 3611 1052 3691; x_wconf 74' lang='grc' dir='ltr'><em>σ’χλιίσει</em></span> <span class='ocrx_word' id='word_1_230' title='bbox 1073 3610 1142 3681; x_wconf 85' lang='grc' dir='ltr'><em>τοὺς</em></span> <span class='ocrx_word' id='word_1_231' title='bbox 1162 3608 1285 3687; x_wconf 82' lang='grc' dir='ltr'><em>χραμὲ·</em></span> 
     </span>
     <span class='ocr_line' id='line_1_30' title="bbox 135 3709 1280 3797; baseline 0.007 -25"><span class='ocrx_word' id='word_1_232' title='bbox 135 3733 200 3779; x_wconf 91' lang='grc' dir='ltr'><em>νους</em></span> <span class='ocrx_word' id='word_1_233' title='bbox 226 3709 296 3773; x_wconf 83' lang='grc' dir='ltr'><em>οὔτε</em></span> <span class='ocrx_word' id='word_1_234' title='bbox 322 3713 490 3789; x_wconf 81' lang='grc' dir='ltr'><em>θεοφορίαις</em></span> <span class='ocrx_word' id='word_1_235' title='bbox 515 3712 584 3776; x_wconf 82' lang='grc' dir='ltr'><em>οὔτε</em></span> <span class='ocrx_word' id='word_1_236' title='bbox 610 3712 725 3785; x_wconf 77' lang='grc' dir='ltr'><em>ἄλλαις</em></span> <span class='ocrx_word' id='word_1_237' title='bbox 750 3718 985 3792; x_wconf 74' lang='grc' dir='ltr'><em>πραγματείαις</em></span> <span class='ocrx_word' id='word_1_238' title='bbox 1010 3720 1147 3784; x_wconf 84' lang='grc' dir='ltr'><em>σίτθποις.</em></span> <span class='ocrx_word' id='word_1_239' title='bbox 1173 3716 1280 3797; x_wconf 76' lang='lat' dir='ltr'>Haec,</span> 
     </span>
     <span class='ocr_line' id='line_1_31' title="bbox 132 3816 1283 3902; baseline 0 -21"><span class='ocrx_word' id='word_1_240' title='bbox 132 3818 260 3900; x_wconf 89' lang='lat' dir='ltr'>inquit,</span> <span class='ocrx_word' id='word_1_241' title='bbox 288 3820 358 3899; x_wconf 86' lang='lat' dir='ltr'>ipse</span> <span class='ocrx_word' id='word_1_242' title='bbox 384 3816 492 3885; x_wconf 85' lang='lat' dir='ltr'>Muses</span> <span class='ocrx_word' id='word_1_243' title='bbox 515 3819 592 3885; x_wconf 90' lang='lat' dir='ltr'>olim</span> <span class='ocrx_word' id='word_1_244' title='bbox 616 3821 791 3902; x_wconf 88' lang='lat' dir='ltr'>docuerat;</span> <span class='ocrx_word' id='word_1_245' title='bbox 817 3822 913 3885; x_wconf 83' lang='grc' dir='ltr'><em>ἔπειτ’</em></span> <span class='ocrx_word' id='word_1_246' title='bbox 936 3821 1130 3900; x_wconf 80' lang='grc' dir='ltr'><em>ἕφιςαμένιιν</em></span> <span class='ocrx_word' id='word_1_247' title='bbox 1154 3820 1204 3883; x_wconf 78' lang='grc' dir='ltr'><em>ἐπὶ</em></span> <span class='ocrx_word' id='word_1_248' title='bbox 1229 3824 1283 3893; x_wconf 76' lang='grc' dir='ltr'><em>την</em></span> 
     </span>
     <span class='ocr_line' id='line_1_32' title="bbox 133 3921 1283 4005; baseline 0.003 -21"><span class='ocrx_word' id='word_1_249' title='bbox 133 3921 291 4000; x_wconf 83' lang='grc' dir='ltr'><em>ἱερωσύνην</em></span> <span class='ocrx_word' id='word_1_250' title='bbox 324 3925 357 3986; x_wconf 80' lang='grc' dir='ltr'><em>τὸ</em></span> <span class='ocrx_word' id='word_1_251' title='bbox 387 3925 444 3999; x_wconf 77' lang='grc' dir='ltr'><em>μὲν</em></span> <span class='ocrx_word' id='word_1_252' title='bbox 478 3931 591 4001; x_wconf 80' lang='grc' dir='ltr'><em>πρῶτον</em></span> <span class='ocrx_word' id='word_1_253' title='bbox 624 3924 859 4003; x_wconf 80' lang='grc' dir='ltr'><em>δεισιδαιμόνων,</em></span> <span class='ocrx_word' id='word_1_254' title='bbox 892 3928 1002 3991; x_wconf 79' lang='grc' dir='ltr'><em>ἔπειτα</em></span> <span class='ocrx_word' id='word_1_255' title='bbox 1027 3932 1206 4005; x_wconf 81' lang='grc' dir='ltr'><em>τυραννικῶν</em></span> <span class='ocrx_word' id='word_1_256' title='bbox 1230 3928 1283 3989; x_wconf 82' lang='grc' dir='ltr'><em>νίν·</em></span> 
     </span>
     <span class='ocr_line' id='line_1_33' title="bbox 132 4029 1282 4112; baseline 0.003 -21"><span class='ocrx_word' id='word_1_257' title='bbox 132 4029 263 4108; x_wconf 82' lang='grc' dir='ltr'><em>θρώπων,</em></span> <span class='ocrx_word' id='word_1_258' title='bbox 289 4029 322 4092; x_wconf 81' lang='grc' dir='ltr'><em>ἐκ</em></span> <span class='ocrx_word' id='word_1_259' title='bbox 346 4030 401 4105; x_wconf 74' lang='grc' dir='ltr'><em>μὲν</em></span> <span class='ocrx_word' id='word_1_260' title='bbox 425 4038 479 4103; x_wconf 77' lang='grc' dir='ltr'><em>τῆς</em></span> <span class='ocrx_word' id='word_1_261' title='bbox 507 4030 741 4107; x_wconf 88' lang='grc' dir='ltr'><em>δεισιδαιμονίας</em></span> <span class='ocrx_word' id='word_1_262' title='bbox 765 4036 798 4097; x_wconf 84' lang='grc' dir='ltr'><em>αἱ</em></span> <span class='ocrx_word' id='word_1_263' title='bbox 820 4042 877 4097; x_wconf 82' lang='grc' dir='ltr'><em>τῶν</em></span> <span class='ocrx_word' id='word_1_264' title='bbox 897 4034 1067 4112; x_wconf 84' lang='grc' dir='ltr'><em>βρωμοίτων</em></span> <span class='ocrx_word' id='word_1_265' title='bbox 1082 4032 1282 4112; x_wconf 71' lang='grc' dir='ltr'><em>ἀποσχέσεις,</em></span> 
     </span>
    </p>
   </div>
   <div class='ocr_carea' id='block_1_3' title="bbox 131 4130 1283 4645">
    <p class='ocr_par' dir='ltr' id='par_1_5' title="bbox 131 4130 1283 4645">
     <span class='ocr_line' id='line_1_34' title="bbox 132 4130 1282 4219; baseline 0.006 -23"><span class='ocrx_word' id='word_1_266' title='bbox 132 4130 229 4213; x_wconf 79' lang='grc' dir='ltr'><em>ὧνπερ</em></span> <span class='ocrx_word' id='word_1_267' title='bbox 254 4136 307 4199; x_wconf 80' lang='grc' dir='ltr'><em>καί</em></span> <span class='ocrx_word' id='word_1_268' title='bbox 334 4141 382 4198; x_wconf 83' lang='grc' dir='ltr'><em>νῦν</em></span> <span class='ocrx_word' id='word_1_269' title='bbox 408 4134 557 4207; x_wconf 73' lang='grc' dir='ltr'><em>ἔθοςέςίν</em></span> <span class='ocrx_word' id='word_1_270' title='bbox 584 4139 688 4208; x_wconf 80' lang='grc' dir='ltr'><em>αὐτοῖς</em></span> <span class='ocrx_word' id='word_1_271' title='bbox 713 4137 889 4219; x_wconf 69' lang='grc' dir='ltr'><em>ἀπέχεσθαι</em></span> <span class='ocrx_word' id='word_1_272' title='bbox 916 4140 967 4204; x_wconf 78' lang='grc' dir='ltr'><em>καί</em></span> <span class='ocrx_word' id='word_1_273' title='bbox 994 4142 1026 4204; x_wconf 80' lang='grc' dir='ltr'><em>αἱ</em></span> <span class='ocrx_word' id='word_1_274' title='bbox 1048 4142 1207 4217; x_wconf 78' lang='grc' dir='ltr'><em>περιτομαί</em></span> <span class='ocrx_word' id='word_1_275' title='bbox 1231 4140 1282 4203; x_wconf 75' lang='grc' dir='ltr'><em>καί</em></span> 
     </span>
     <span class='ocr_line' id='line_1_35' title="bbox 131 4240 1283 4319; baseline 0.009 -16"><span class='ocrx_word' id='word_1_276' title='bbox 131 4242 166 4304; x_wconf 78' lang='grc' dir='ltr'><em>αι’</em></span> <span class='ocrx_word' id='word_1_277' title='bbox 201 4240 331 4316; x_wconf 77' lang='grc' dir='ltr'><em>ε’κτομαί</em></span> <span class='ocrx_word' id='word_1_278' title='bbox 365 4243 415 4305; x_wconf 78' lang='grc' dir='ltr'><em>καὶ</em></span> <span class='ocrx_word' id='word_1_279' title='bbox 451 4242 478 4307; x_wconf 87' lang='grc' dir='ltr'><em>εί</em></span> <span class='ocrx_word' id='word_1_280' title='bbox 501 4269 570 4306; x_wconf 89' lang='grc' dir='ltr'><em>τινα</em></span> <span class='ocrx_word' id='word_1_281' title='bbox 594 4249 726 4308; x_wconf 84' lang='grc' dir='ltr'><em>τοιαῦτα</em></span> <span class='ocrx_word' id='word_1_282' title='bbox 752 4246 899 4319; x_wconf 83' lang='grc' dir='ltr'><em>ἐνομίσθη.</em></span> <span class='ocrx_word' id='word_1_283' title='bbox 926 4248 1217 4314; x_wconf 76' lang='lat' dir='ltr'>Circumcisionem</span> <span class='ocrx_word' id='word_1_284' title='bbox 1241 4265 1283 4313; x_wconf 79' lang='lat' dir='ltr'><em>ex</em></span> 
     </span>
     <span class='ocr_line' id='line_1_36' title="bbox 133 4351 1283 4433; baseline 0.008 -21"><span class='ocrx_word' id='word_1_285' title='bbox 133 4352 293 4429; x_wconf 87' lang='lat' dir='ltr'>corrupta</span> <span class='ocrx_word' id='word_1_286' title='bbox 322 4354 476 4415; x_wconf 88' lang='lat' dir='ltr'>veterum</span> <span class='ocrx_word' id='word_1_287' title='bbox 502 4351 675 4433; x_wconf 85' lang='lat' dir='ltr'>disciplina</span> <span class='ocrx_word' id='word_1_288' title='bbox 699 4370 773 4417; x_wconf 88' lang='lat' dir='ltr'>esse</span> <span class='ocrx_word' id='word_1_289' title='bbox 798 4354 934 4418; x_wconf 86' lang='lat' dir='ltr'>natam!</span> <span class='ocrx_word' id='word_1_290' title='bbox 971 4354 1038 4420; x_wconf 87' lang='lat' dir='ltr'><em>Neo</em></span> <span class='ocrx_word' id='word_1_291' title='bbox 1061 4355 1283 4422; x_wconf 87' lang='lat' dir='ltr'>dubitandum</span> 
     </span>
     <span class='ocr_line' id='line_1_37' title="bbox 131 4451 1281 4541; baseline 0.006 -23"><span class='ocrx_word' id='word_1_292' title='bbox 131 4455 212 4535; x_wconf 88' lang='lat' dir='ltr'>quin</span> <span class='ocrx_word' id='word_1_293' title='bbox 238 4451 356 4520; x_wconf 87' lang='lat' dir='ltr'>Strabo</span> <span class='ocrx_word' id='word_1_294' title='bbox 380 4474 455 4521; x_wconf 89' lang='lat' dir='ltr'><em>eam</em></span> <span class='ocrx_word' id='word_1_295' title='bbox 479 4459 668 4539; x_wconf 87' lang='lat' dir='ltr'>opinionem</span> <span class='ocrx_word' id='word_1_296' title='bbox 692 4460 733 4524; x_wconf 92' lang='lat' dir='ltr'><em>ab</em></span> <span class='ocrx_word' id='word_1_297' title='bbox 757 4460 893 4525; x_wconf 81' lang='lat' dir='ltr'>ludaeis</span> <span class='ocrx_word' id='word_1_298' title='bbox 912 4462 1092 4541; x_wconf 85' lang='lat' dir='ltr'>acceperit;</span> <span class='ocrx_word' id='word_1_299' title='bbox 1115 4465 1281 4526; x_wconf 88' lang='lat' dir='ltr'>certenon</span> 
     </span>
     <span class='ocr_line' id='line_1_38' title="bbox 131 4560 1281 4645; baseline 0.005 -21"><span class='ocrx_word' id='word_1_300' title='bbox 131 4560 203 4643; x_wconf 90' lang='lat' dir='ltr'>ipse</span> <span class='ocrx_word' id='word_1_301' title='bbox 227 4562 443 4643; x_wconf 84' lang='lat' dir='ltr'>excogitavit.</span> <span class='ocrx_word' id='word_1_302' title='bbox 468 4564 530 4645; x_wconf 75' lang='lat' dir='ltr'>Qui</span> <span class='ocrx_word' id='word_1_303' title='bbox 554 4564 710 4630; x_wconf 88' lang='lat' dir='ltr'>volebant</span> <span class='ocrx_word' id='word_1_304' title='bbox 733 4566 961 4633; x_wconf 85' lang='lat' dir='ltr'>demonstrare</span> <span class='ocrx_word' id='word_1_305' title='bbox 986 4569 1148 4644; x_wconf 72' lang='grc' dir='ltr'><em>περιτομὴν</em></span> <span class='ocrx_word' id='word_1_306' title='bbox 1169 4568 1281 4632; x_wconf 86' lang='lat' dir='ltr'>minus</span> 
     </span>
    </p>
   </div>
   <div class='ocr_carea' id='block_1_4' title="bbox 0 0 1600 5325">
    <p class='ocr_par' dir='ltr' id='par_1_6' title="bbox 0 0 1600 5325">
     <span class='ocr_line' id='line_1_39' title="bbox 0 0 1600 5325; baseline 0 1"><span class='ocrx_word' id='word_1_307' title='bbox 0 0 1600 5325; x_wconf 95' lang='lat' dir='ltr'><em> </em></span> 
     </span>
    </p>
   </div>
  </div>
 </body>
</html>
