3192 5325
519 1335 938 1420 PRAEFATIO.

202 1842 429 1922 quantumvis
446 1844 561 1922 magni
580 1844 759 1926 faciamus,
781 1861 866 1924 quae
885 1843 970 1908 Novi
984 1844 1193 1908 Testamenti
1205 1844 1303 1910 inter-

150 1949 306 2030 pretibus
326 1949 502 2031 debemus,
525 1949 743 2015 nihilominus
763 1951 921 2014 audacter
941 1950 1174 2014 contendimus
1197 1951 1305 2015 multa

150 2055 283 2138 inesse,
317 2072 396 2120 cum
427 2054 462 2118 in
493 2054 628 2137 reliquis
658 2054 751 2120 libris
780 2058 858 2120 tum
888 2055 923 2120 11
955 2055 995 2120 iis
1019 2055 1195 2139 epistulis,
1221 2074 1305 2137 quae

151 2160 253 2224 Pauli
274 2159 428 2241 Apostoli
452 2162 586 2226 nomine
606 2162 900 2245 circumferuntur,
923 2180 1007 2243 quae
1026 2165 1101 2227 atra
1121 2167 1218 2228 nocte
1238 2181 1305 2244 pre·

150 2269 303 2331 mantur.
329 2266 466 2333 Sacrum
491 2268 673 2350 Volumen,
695 2269 781 2350 quod
799 2269 942 2348 legimus
962 2272 997 2333 et
1017 2269 1194 2347 relegimus
1214 2289 1304 2352 prop-

150 2376 211 2437 ter
240 2373 399 2438 eximiam
429 2375 675 2454 praestantiam
706 2391 834 2456 rorum,
868 2393 951 2457 quae
983 2375 1019 2439 in
1044 2392 1083 2439 eo
1107 2376 1303 2460 traduntur,

151 2497 344 2560 numquam
374 2483 491 2544 tamen
521 2481 636 2546 lectori
668 2481 785 2546 afferre
816 2482 938 2561 poterit
968 2481 1305 2548 1101111111111110·

150 2585 324 2669 luptatem
357 2586 430 2651 sine
469 2587 588 2651 doloris
628 2587 769 2652 alicuius
804 2587 1019 2652 admixtione.
1074 2588 1180 2669 Quam
1216 2590 1306 2655 01111

149 2693 266 2757 multa
288 2693 471 2759 identidem
494 2693 694 2759 offendimus
714 2695 855 2759 obscura
874 2692 1202 2774 acplanetvroo'ma!
1224 2697 1306 2761 Tan·

149 2800 236 2862 tum
259 2816 325 2863 non
347 2801 490 2879 utraque
509 2799 629 2880 pagina
649 2800 798 2865 oboritur
818 2800 984 2882 quaestio,
999 2800 1053 2881 qui
1076 2800 1147 2865 fieri
1160 2802 1307 2882 potuerit

149 2908 197 2971 ut
220 2906 337 2970 eadem
360 2906 484 2988 scripta
507 2906 620 2971 divina
644 2906 866 2987 pulcritudine
890 2924 953 2971 nos
975 2906 1122 2971 alliciant
1141 2907 1306 2988 simulque

149 3015 230 3076 tarn
255 3012 325 3076 sint
350 3013 524 3095 perplexa,
551 3015 591 3077 ut
614 3012 830 3077 difficultates
854 3012 914 3077 vix
938 3012 1140 3093 superabiles
1163 3030 1237 3077 esse
1260 3014 1306 3077 vi-

149 3117 300 3183 deantur
322 3118 364 3183 iis
384 3118 564 3199 machinis,
591 3134 674 3198 quas
693 3118 848 3183 adhibere
861 3118 1061 3199 solemusad
1074 3118 1307 3184 recludendam

150 3223 412 3302 intelligentiam
443 3241 576 3304 eorum,
610 3240 695 3303 quae
725 3223 804 3288 boni
835 3224 1012 3305 scriptores
1035 3225 1214 3289 memoriae
1237 3242 1306 3306 pro-

151 3329 321 3394 diderunt.
350 3330 464 3410 Neque
492 3328 697 3395 arbitramur
716 3347 777 3394 nos
801 3329 932 3408 longius
955 3328 1079 3412 efferri,
1106 3348 1211 3411 quum
1235 3348 1306 3395 oon-

150 3437 353 3518 1011111110,
383 3436 518 3501 etiamsi
541 3436 653 3501 omnia
676 3435 965 3517 interpretationis
988 3436 1129 3501 artificia
1152 3438 1307 3503 omnibus

151 3547 238 3608 nota
262 3558 425 3623 saepeque
447 3543 586 3622 probata
609 3559 744 3608 summa
767 3559 845 3607 cum
870 3559 948 3607 cura
975 3542 1124 3608 adhibita
1147 3544 1231 3626 sint,
1258 3548 1305 3609 ta·

90 3724 95 3733 ,
151 3665 235 3713 men
266 3648 355 3713 haud
384 3665 460 3712 raro
489 3648 656 3714 rationem
692 3666 759 3712 non
783 3666 882 3729 posse
906 3648 997 3712 reddi
1020 3665 1134 3713 eorum
1159 3666 1244 3729 quac
1266 3649 1307 3715 le·

152 3756 270 3834 gimus
292 3755 346 3818 vel
369 3755 404 3818 in
428 3754 522 3819 Pauli
545 3754 708 3835 Epistulis
731 3755 785 3819 vel
808 3754 844 3819 in
866 3757 984 3835 quarto
1008 3754 1196 3833 Evangelio.
1226 3756 1305 3836 Quo-

152 3860 256 3926 modo
277 3860 408 3937 singola
425 3861 639 3941 cohaereant,
660 3861 792 3941 saepius
812 3859 895 3925 latet
919 3877 1019 3941 quarn
1039 3860 1175 3925 indicari
1195 3864 1307 3941 potest

152 3971 191 4033 et
210 3966 299 4031 fidus
311 3967 476 4047 interpres
488 3965 696 4046 frequentius
708 3982 841 4031 crucem
853 3966 933 4045 figet
945 3983 1045 4047 quarn
1058 3966 1163 4031 fixam
1175 3967 1305 4033 delebit.

202 4074 297 4139 Haeo
317 4072 382 4137 luit
401 4089 455 4136 res
474 4089 559 4151 quae
579 4089 641 4136 nos
662 4071 773 4150 adegit
792 4075 833 4136 ut
851 4072 1133 4149 investigaremus
1145 4074 1307 4153 quomodo

152 4180 295 4246 tandem
328 4179 463 4243 Novum
491 4178 750 4242 Testamentum
773 4176 944 4257 explanari
968 4177 1111 4242 deberet.
1148 4178 1307 4244 Fatemur

152 4289 191 4353 11
220 4285 318 4351 nobis
341 4283 446 4349 fuisse
469 4283 616 4364 aliquam
639 4282 891 4366 confidentiam,
917 4301 1022 4363 quum
1045 4284 1101 4377 via
1124 4287 1238 4363 patere
1260 4286 1305 4350 vi·

153 4394 309 4473 deretur,
331 4407 434 4471 quam
454 4390 628 4470 hucusque
647 4389 708 4453 vix
730 4388 908 4469 quisquam
932 4389 1103 4466 ingressus
1122 4394 1221 4455 esset.
1243 4391 1307 4455 Sci-

153 4501 238 4567 licet
261 4496 409 4579 primum
433 4495 645 4560 describenda
668 4494 734 4558 tuit
761 4494 884 4575 recepti
908 4496 1027 4558 textus
1050 4494 1192 4563 conditio
1213 4496 1305 4577 eique
