3192 5325
905 556 968 622 116

371 739 586 804 adhaerescit.
610 738 714 804 Novit
736 738 797 804 hoc
820 742 935 804 noster
958 739 1140 822 Episcopus
1163 743 1324 820 cavetque
1355 756 1397 804 ne
1427 738 1507 803 forte

370 845 445 909 aliis
475 848 704 926 postponatur.
739 845 862 910 Fuitne
891 845 1002 926 aliqua
1033 847 1069 910 111
1100 832 1143 910 10
1159 846 1325 912 deterior?
1361 845 1506 925 Quanam

371 951 533 1016 tandem?
563 952 653 1016 Num
684 952 828 1031 genere?
863 950 954 1016 Num
977 953 1252 1032 perseverantia?
1286 952 1378 1018 Num
1407 952 1505 1015 bonae

369 1072 489 1122 causae
507 1057 672 1124 indefesso
689 1059 827 1124 amore?
847 1058 939 1124 Num
957 1057 1107 1124 laborum
1126 1059 1193 1124 late
1210 1058 1341 1140 patenti
1358 1056 1504 1122 ambitu?

369 1163 492 1228 Fuitne
522 1165 663 1230 fortasse
693 1163 871 1243 ignobilis?
901 1163 951 1228 At
982 1163 1171 1246 praefectus
1194 1167 1281 1246 regis
1303 1162 1504 1230 1110111111-

369 1286 523 1335 mascum
557 1270 700 1353 obsedit,
736 1274 776 1335 ut
806 1271 918 1352 ipsum
949 1273 1092 1351 caperet.
1126 1271 1285 1338 Periisset
1315 1270 1381 1336 nisi
1412 1268 1504 1334 amici

368 1391 427 1455 per
461 1377 645 1442 fenestram
682 1378 717 1442 in
752 1379 867 1458 sporta
897 1378 938 1442 de
967 1395 1063 1443 muro
1086 1377 1199 1459 ipsum
1221 1377 1444 1443 demisissent.
1470 1408 1498 1418 -

367 1480 465 1547 Nunc
495 1483 631 1548 demum
661 1483 880 1564 perspicimus
902 1500 961 1550 cur
984 1485 1209 1550 necessarium
1230 1483 1331 1548 fuerit
1354 1480 1503 1563 parvulae

368 1588 416 1652 rei
435 1589 642 1655 mentionem
660 1590 777 1654 iacere.
802 1589 973 1669 effugium
993 1589 1130 1656 decebat
1141 1591 1320 1656 obscurum
1332 1591 1501 1669 pastorem

368 1694 426 1774 qui
455 1713 522 1760 non
550 1695 616 1761 nisi
640 1695 776 1761 ridiculo
799 1697 896 1762 modo
921 1698 963 1761 ab
986 1696 1140 1762 hostibus
1165 1714 1239 1763 sese
1262 1696 1369 1760 tutari
1391 1693 1501 1776 potuit

367 1801 550 1882 Abrumpit
584 1802 786 1868 narrationis
820 1802 932 1877 filum,
968 1804 1008 1868 ut
1042 1803 1167 1870 scribat
1197 1803 1284 1884 quod
1313 1800 1502 1884 J'amdudum
1577 1875 1578 1878 Ἴ

366 1905 480 1985 lingua
505 1908 563 1972 vix
585 1909 788 1974 continebat.
822 1907 911 1973 Nihil
933 1925 992 1990 per
1014 1912 1122 1976 totam
1145 1909 1238 1974 viam
1261 1911 1421 1990 expertus
1442 1905 1501 1970 fue-
1577 1923 1578 1932 ¹

366 2015 420 2077 rat
443 2013 693 2079 memorabilius
706 2011 739 2091 ¹).

411 2121 499 2186 Hinc
520 2122 591 2203 jam
613 2121 721 2201 pergit
743 2121 922 2186 audentius
945 2122 1087 2188 scribere
1110 2126 1158 2206 et,
1180 2123 1267 2204 quod
1286 2139 1377 2187 nuno
1395 2112 1499 2186 minus

300 2281 306 2290 .
367 2226 544 2310 miramur,
579 2227 669 2291 haud
699 2228 880 2309 admodum
911 2227 1065 2294 decenter
1094 2228 1240 2310 loquitur
1268 2229 1308 2293 de
1340 2228 1398 2311 iis,
1423 2241 1499 2307 quae

366 2333 485 2398 intimo
508 2335 640 2414 pectore
662 2333 838 2414 aliquando
861 2334 1035 2415 persensit.
1060 2334 1185 2400 Deinde
1204 2336 1286 2400 dum
1305 2333 1448 2415 loquitur
1464 2331 1499 2395 de

365 2440 542 2520 praeclaris
572 2438 636 2503 illis
667 2455 752 2520 quae
782 2440 909 2505 mentis
939 2441 1042 2506 oculis
1065 2441 1144 2506 olim
1166 2441 1413 2520 contemplatus
1435 2439 1497 2514 est,

365 2563 443 2611 cum
474 2545 614 2626 pristino
644 2545 767 2626 pudore
797 2546 885 2610 redit
914 2546 1058 2628 pristina
1079 2547 1293 2612 haesitantia.
1329 2545 1440 2611 Monet
1461 2559 1497 2608 ne

365 2652 441 2733 quis
464 2653 577 2718 credat
600 2654 801 2733 perpetuum
820 2652 911 2719 hunc
930 2671 1004 2720 esse
1024 2653 1149 2719 summi
1172 2653 1329 2721 Numinis
1347 2652 1496 2719 favorem.

364 2754 506 2823 Dubitat
536 2759 604 2823 fere
635 2777 681 2823 an
708 2759 780 2839 ipse
813 2760 858 2825 sit
879 2758 933 2825 ille
956 2760 1044 2825 idem
1067 2761 1124 2841 qui
1147 2762 1182 2825 111
1205 2760 1334 2826 coelum
1357 2760 1498 2825 sublatus

335 2865 466 2959 41111111
499 2871 602 2945 atque
632 2865 711 2929 hinc
737 2867 778 2930 de
794 2882 845 2949 ,se
875 2865 948 2947 ipso
978 2866 1080 2931 tertia
1110 2884 1250 2946 persona
1272 2866 1392 2931 utitur.
1416 2862 1498 2945 Quod

363 2971 436 3036 iure
458 2971 627 3054 gloriatm,
652 2989 718 3037 11011
741 2972 843 3037 audet
865 2973 907 3037 ad
930 2990 966 3039 se
985 2973 1098 3053 ipsum
1117 2972 1253 3053 referte,
1274 2973 1333 3039 sed
1353 2973 1395 3037 ad
1413 2970 1498 3035 illum

364 3078 535 3144 hominem
569 3078 604 3142 111
635 3077 783 3160 Christo,
818 3095 916 3159 quem
949 3078 1045 3143 novit
1059 3074 1093 3155 ²).
1124 3076 1278 3158 Pergeret
1303 3078 1361 3145 sed
1385 3074 1498 3143 metuit

363 3185 432 3250 fere
455 3200 497 3249 ne
518 3201 555 3249 se
574 3184 744 3249 diversum
763 3184 969 3249 arbitrentur
988 3201 1062 3249 esse
1081 3186 1122 3251 ab
1141 3185 1195 3251 illo
1214 3186 1354 3250 obscuro
1366 3185 1496 3266 pastore,

364 3306 464 3371 quem
483 3292 622 3355 nossent
634 3290 667 3365 3).
693 3289 761 3354 Nec
781 3293 897 3355 tamen
916 3291 976 3356 Dei
994 3291 1136 3370 insignis
1155 3292 1249 3357 favor
1268 3294 1418 3355 mentem
1432 3290 1497 3371 ejus

362 3395 532 3461 alienavit.
556 3395 669 3460 Habet
695 3398 875 3477 servatque
903 3414 1004 3463 suum
1029 3395 1183 3479 σκόλοπα,
1205 3414 1269 3477 quo
1291 3414 1390 3478 saepe
1408 3397 1496 3461 tanto

362 3519 458 3583 opere
481 3502 636 3585 indoluit,
668 3502 727 3567 sed
750 3502 846 3567 cuius
859 3502 1027 3567 intimam
1051 3520 1187 3568 causam
1210 3506 1246 3567 et
1269 3502 1495 3568 necessitatem

362 3626 451 3673 nunc
475 3608 638 3673 lectorum
661 3624 763 3673 causa
786 3608 980 3690 perscribat,
1005 3608 1159 3674 videlicet
1182 3611 1222 3673 ut
1248 3608 1426 3675 tralucidae
1448 3622 1495 3671 va·
1575 3606 1576 3611 ’

361 3714 465 3779 nitati
487 3730 616 3778 morem
638 3717 740 3792 gerat.
766 3714 1039 3780 Revelationibus
1061 3715 1127 3779 illis
1148 3715 1281 3781 eximiis
1305 3716 1493 3781 1111101111-

363 3820 567 3886 ordinarium
601 3823 760 3901 expertus
794 3822 848 3885 est
882 3820 1045 3902 favorem,
1077 3823 1118 3887 ut
1146 3821 1288 3887 Domino
1321 3820 1410 3887 dolor
1439 3818 1495 3883 iste

363 3927 569 3993 necessarius
591 3927 687 3993 visus
709 3926 769 4007 sit,
795 3944 838 3991 ne
861 3926 963 3993 nimis
986 3928 1131 3993 solerte
1155 3928 1334 4006 efferretb.

408 4032 462 4099 Sic
492 4032 578 4099 redit
608 4034 650 4098 ad
681 4032 713 4097 id
737 4033 827 4098 unde
850 4033 1018 4112 digressus
1040 4033 1166 4115 luerat,
1192 4035 1266 4100 h.e.
1291 4032 1494 4118 adproprias

367 4208 550 4220 Ἢ

398 4332 425 4396 l)
444 4331 502 4397 Cap.
522 4332 561 4391 11,
579 4333 686 4383 22—23.

396 4413 423 4478 2)
441 4416 497 4480 Cep.
517 4416 556 4473 12,
574 4415 648 4466 1-5.
698 4476 700 4480 ι

395 4498 420 4557 3)
438 4498 494 4563 Cap.
514 4499 552 4555 12.
572 4498 595 4546 6.

394 4580 422 4645 4)
441 4581 497 4646 Gap.
517 4581 558 4639 12,
575 4580 590 4631 ‘l
607 4596 656 4646 sqq.
710 4614 712 4616 ·
