3192 5325
886 525 929 589 40

332 709 514 790 itidemque
543 725 606 774 nos
635 706 719 771 κατα
744 705 874 784 Ἰσαὰκ,
899 708 961 772 hoc
984 710 1038 772 ast
1061 697 1288 772 intercedente
1311 703 1484 785 libertate,

331 815 403 879 sive
434 813 519 876 κατὰ
551 817 677 889 πνεῦμα
709 820 773 891 (Vs.
799 813 855 892 29)
882 813 1058 879 evadimus
1081 809 1283 888 ἐπαγγελίας
1309 808 1414 873 τέκνα.
1441 810 1487 874 Si-

329 921 400 986 cuti
432 921 553 986 ismael
585 924 782 1002 persecutus
813 923 867 984 est
897 921 1070 995 isaacum,
1101 918 1149 988 sic
1181 917 1334 995 σαρκικοί,
1359 918 1420 999 qui
1445 919 1487 982 ab
1580 957 1581 962 =

328 1023 399 1105 lege
430 1026 543 1091 omnia
572 1028 745 1107 repetunt,
780 1027 1028 1107 persequuntur
1052 1023 1290 1098 οιιευροαιικούς.
1315 1024 1379 1090 Sed
1405 1025 1487 1105 qnid
1579 1025 1580 1034 ’

328 1131 453 1197 refert?
481 1132 621 1198 illicitur
644 1132 803 1204 παιδίσκη.
832 1126 932 1193 λίσαι
958 1128 1020 1207 γοίρ
1046 1131 1106 1208 (sic
1125 1131 1217 1196 enim
1236 1130 1362 1213 pergit,
1386 1131 1486 1197 modo

327 1236 437 1302 locum
461 1241 540 1302 ante
562 1241 653 1303 recte
676 1236 908 1312 emendaveris
929 1254 979 1302 vs.
1002 1234 1158 1319 24-28),
1172 1237 1230 1299 εἱσι
1251 1235 1302 1299 δύο
1324 1235 1486 1312 διαθῆκαι,
1581 1249 1582 1252 ’

328 1343 345 1415 η
370 1344 427 1417 μὲν
459 1343 522 1406 cirri
546 1341 624 1420 ίρους
652 1347 749 1416 Σινῖο,
776 1343 817 1412 είς
845 1341 983 1404 δουλείαν
1011 1347 1170 1418 γεννῶσα,
1197 1342 1213 1415 >i
1238 1341 1269 1405 δὲ
1293 1343 1356 1406 cirri
1380 1344 1486 1420 Ἰερου-

328 1449 437 1524 σαλίρρι
469 1448 625 1533 ἐλευθέρα,
661 1447 725 1523 ἥτις
751 1448 795 1515 ε’ςί
829 1449 1363 1530 μητηρὴμῶν,(1θ111ᾱθνεε.27;
1390 1450 1434 1515 28
1452 1450 1486 1529 ¹).
1582 1509 1583 1524 ,

248 1603 254 1613 .
327 1555 391 1620 Est
420 1555 537 1622 foedus
568 1557 610 1622 ab
642 1556 722 1622 Sina
754 1557 883 1638 monte,
910 1571 1031 1635 nempe
1053 1555 1152 1635 legis3
1177 1554 1267 1620 aliud
1289 1557 1343 1622 est
1368 1555 1488 1621 foedus

327 1661 497 1737 ἐλευθερίας
519 1660 728 1739 (πνεύματος,
754 1661 889 1737 wirrae),
912 1661 998 1740 quod
1023 1660 1064 1724 ab
1089 1659 1330 1743 Hierosolymis
1354 1664 1486 1743 porten-

327 1767 419 1831 ditur
451 1768 552 1831 nobis.
585 1764 820 1849 Hierosolyma
843 1767 934 1830 intra
959 1783 1074 1830 muros
1098 1766 1223 1832 habent
1247 1784 1371 1848 paucos
1398 1790 1488 1829 ιικεο-
1583 1807 1584 1816 1

327 1871 496 1946 ματικοιίς,
522 1873 580 1937 sed
605 1869 691 1949 ῥῆξον
715 1869 767 1934 καί
793 1869 905 1947 βίησον
930 1871 946 1944 η
970 1871 1023 1934 οὐκ
1050 1869 1211 1947 ὠδίνουσα,
1240 1866 1286 1934 ὅτι
1312 1873 1418 1936 πολλα
1445 1871 1488 1934 τα

328 1970 422 2039 οέκια
446 1984 501 2048 τῆς
526 1978 636 2054 ἐρήμου
661 1979 765 2056 (urbis
788 1978 937 2058 legitimo
955 1995 1023 2043 suo
1046 1995 1122 2058 rege
1145 1979 1341 2056 destitutae)
1360 1982 1485 2053 μᾶλλον

329 2081 347 2156 η
373 2093 427 2155 τῆς
453 2085 584 2161 ἐχούσης
607 2085 657 2149 τοι
678 2082 772 2163 οίιδρα
796 2087 933 2163 (Romae
942 2084 972 2166 ?)
995 2085 1054 2150 Illa
1074 2087 1154 2150 urbs
1175 2101 1254 2150 vera
1265 2089 1374 2150 mater
1385 2103 1486 2151 verae
1584 2071 1585 2092 ¹

328 2189 484 2254 Abrahae
509 2190 644 2271 sobolis,
670 2208 773 2271 quam
796 2190 887 2257 millo
911 2191 1048 2268 σαρκικοί
1068 2191 1274 2257 conculcant.
1296 2191 1350 2255 Ad
1369 2193 1484 2256 arma!

325 2294 477 2369 Ἔκβαλε
512 2295 567 2367 την
603 2295 767 2369 παιδίσκην
799 2297 851 2359 καί
888 2300 939 2361 τὸν
973 2298 1034 2361 υίὸν
1062 2297 1176 2371 αὐτῆς·
1210 2297 1354 2362 Judaeos
1376 2297 1485 2362 ortho-

330 2399 451 2482 doxos,
473 2400 594 2480 quibus
618 2419 717 2466 mons
739 2402 820 2468 Sina
843 2404 952 2483 patria
975 2407 1046 2469 est:
1062 2403 1148 2477 ὑμεῖς
1163 2401 1363 2477 ἐισαγγελίας
1378 2399 1484 2465 σέκοα.

374 2506 447 2570 Ηοο
467 2505 563 2570 modo
583 2510 681 2572 erant
701 2507 791 2572 inter
808 2508 978 2573 Israelitas
998 2511 1054 2591 qui
1074 2507 1324 2573 delectabantur
1344 2526 1485 2573 comme-

330 2609 515 2675 moratione
547 2629 662 2679 eorum
695 2629 779 2695 quae
811 2613 961 2692 legerant
993 2615 1072 2680 Vat.
1101 2614 1167 2679 Jes.
1194 2614 1252 2695 54,
1281 2614 1309 2679 1.
1334 2613 1485 2680 Hieroso·

327 2716 435 2799 lymai
461 2734 480 2781 o
500 2718 529 2781 si
549 2719 656 2783 vestri
673 2720 906 2785 obliviscerer!
928 2720 1038 2785 Vidua
1058 2720 1214 2786 videatur
1232 2720 1312 2785 urbs
1332 2720 1411 2785 olim
1423 2719 1484 2785 deo

330 2842 535 2922 consecrata,
552 2858 654 2921 quam
674 2841 795 2907 nobilia
815 2840 975 2908 vaticinia
994 2842 1189 2907 extulerunt
1208 2810 1301 2936 (ᾞῇ
1320 2840 1391 2939 '2³12
1412 2842 1483 2941 bn]
1587 2884 1588 2899 ,

331 2955 511 3098 οόζαίιρ
533 2974 595 3094 cp
621 2994 636 3054 1
664 2991 765 3069 regg.
789 2992 828 3072 o,
855 2990 875 3054 a
900 2990 935 3053 n
955 2990 1048 3071 cnop
1073 2989 1199 3055 οοιοιαο
1223 2939 1301 3053 κιαι
1323 2989 1358 3051 οι
1377 2938 1484 3069 praa
1587 3068 1588 3071 Ν

335 3156 529 3168 ,--...-.

369 3220 395 3284 1)
413 3219 518 3267 Delenda
535 3221 590 3267 sunt
607 3234 667 3282 quae
684 3218 842 3282 expunximus
859 3221 883 3266 et
901 3234 938 3267 res
956 3218 1059 3268 incurrit
1073 3218 1099 3266 iu
1116 3216 1208 3267 oculos:
1231 3217 1267 3265 10.
1287 3215 1361 3264 ίίσινα
1379 3215 1426 3278 (vs.
1437 3215 1482 3278 24)

334 3317 381 3350 non
399 3300 534 3364 habetque
560 3300 685 3349 referatur.
715 3299 745 3348 2⁰
764 3300 816 3347 Nec
834 3300 942 3363 sequitur
959 3298 1100 3362 ἀλληγορία
1117 3308 1189 3363 (qnae
1206 3299 1333 3348 secundnm
1351 3297 1482 3363 Quinctili-

334 3398 406 3431 anum
423 3383 458 3445 (8,
478 3383 501 3436 6,
517 3384 560 3440 44)
583 3381 659 3429 ,alind
678 3380 767 3439 verbis,
786 3381 852 3429 alind
869 3397 938 3430 senen
956 3380 1093 3441 ostendit'‘).
1113 3382 1203 3430 Eorum
1219 3396 1279 3444 quae
1297 3380 1370 3429 cerdic
1382 3380 1484 3428 tradun-

334 3468 376 3513 tur
401 3465 460 3512 Gen.
487 3462 532 3519 21,
556 3464 584 3520 23
611 3463 625 3510 9
649 3466 673 3511 et
698 3461 729 3513 ll
756 3462 872 3511 historica
891 3463 980 3512 veritas
998 3478 1045 3511 non
1062 3463 1087 3510 iu
1106 3462 1204 3511 dubium
1222 3464 1333 3520 vocatur,
1352 3476 1395 3509 nec
1412 3463 1485 3521 neget

335 3546 438 3609 scriptor
462 3544 629 3592 Patriarcham
652 3545 710 3592 duos
736 3543 845 3593 habuisse
869 3545 946 3602 filios,
971 3545 1034 3608 quod
1052 3544 1125 3592 totius
1142 3543 1350 3592 demonstrationis
1368 3544 1485 3605 tanquam

334 3627 516 3675 fundamentum
533 3628 575 3673 est.
597 3626 646 3689 Qui
663 3626 770 3690 scripsit:
789 3624 865 3673 ίίτινοι
883 3622 1089 3688 ἀλληγορούμενα
1107 3641 1154 3674 non
1172 3625 1258 3674 melius
1275 3641 1348 3689 quam
1363 3624 1485 3673 Lutherus

336 3710 362 3757 in
378 3708 498 3772 conceptis
513 3706 602 3765 verbis,
620 3707 705 3771 quibus
721 3710 744 3756 S.
764 3708 843 3755 Coena
864 3707 976 3757 instituta
993 3722 1041 3755 esse
1058 3706 1153 3768 fertur,
1169 3706 1317 3771 intelligebat
1335 3705 1445 3771 copulam
1455 3692 1485 3753 iu

335 3790 396 3838 illia:
414 3781 495 3836 αιίταί
509 3786 557 3836 είσι
581 3785 623 3836 δύο
647 3786 765 3844 διαίηιιαι.
796 3789 825 3836 30
843 3788 898 3846 ίίτις
917 3785 979 3856 ,ἐςῖν
1006 3788 1090 3851 ’Ἅγαρ
1116 3789 1184 3853 (aab)
1213 3790 1343 3853 genuinum
1369 3804 1417 3837 esse
1446 3804 1485 3836 ue·

337 3872 401 3936 quit3
420 3886 475 3920 nam
492 3870 603 3934 scriptori
620 3873 685 3934 Agar
705 3868 755 3932 jam
772 3887 889 3935 nusquam
913 3875 1034 3936 comperet
1052 3875 1076 3920 ct
1093 3873 1183 3935 cogitat
1201 3869 1313 3927 διαθήκην
1331 3887 1402 3935 quam
1421 3873 1486 3933 Agar

338 3956 510 4019 repraesensat:
530 3949 644 4009 διαθήκη,
662 3954 754 4017 inquit,
772 3969 799 4002 ea
818 3958 854 4003 eet
872 3969 886 4001 a
902 3958 981 4003 monte
998 3953 1068 4013 Sina,
1087 3951 1186 4010 διαίιίιιη
1205 3956 1250 4001 τοῦ
1268 3954 1349 4013 νόμον.
1377 3952 1432 4001 Non
1450 3953 1486 3999 est

339 4036 395 4085 Sine
422 4036 518 4098 Hagar,
546 4034 587 4082 sed
611 4035 695 4098 Hngar
718 4035 788 4094 Sina,
813 4036 837 4083 id
862 4038 898 4084 est
924 4036 968 4083 lex.
994 4035 1023 4083 40
1042 4037 1163 4097 σνςοιχεῖ
1178 4062 1211 4072 -—
1229 4032 1320 4092 αιἰσῆοε
1340 4035 1398 4083 haec
1413 4032 1486 4083 verbe

338 4116 465 4182 prohibent
482 4116 610 4180 quominus
627 4132 708 4165 rerum
725 4133 799 4166 nexus
816 4120 937 4182 appareat.
956 4116 1025 4165 Nihil
1046 4133 1108 4166 nuuc
1125 4117 1198 4166 refert
1215 4116 1383 4180 Hierosolyma
1400 4115 1425 4163 in
1444 4130 1485 4180 po·

339 4203 425 4247 testate
443 4201 605 4246 Romanorum
623 4214 684 4256 esse;
702 4200 742 4247 sed
758 4205 813 4263 post
830 4198 900 4248 verba
918 4197 953 4255 είς
971 4195 1084 4246 δουλείαν
1102 4201 1309 4262 γεννῶσα,ιρυειινλ
1324 4197 1395 4245 'facile
1411 4197 1485 4245 inter·

340 4280 445 4344 polatori
467 4279 535 4327 dolor
558 4279 614 4327 haec
639 4282 779 4343 extorquere
795 4280 885 4344 potuit.
904 4280 932 4325 5⁰
950 4282 986 4343 Τῇ
1005 4281 1045 4326 νῦν
1063 4278 1226 4339 Ἰερουσαλὴμ
1243 4278 1372 4344 opponitur
1390 4276 1404 4333 ἡ
1422 4276 1485 4338 μέλ-

341 4369 421 4407 λουσα
447 4357 616 4420 Ἰερουσαλήμ.
644 4362 851 4424 Supervrcaneum
877 4364 912 4409 est
938 4361 1058 4409 affirmare
1080 4359 1179 4409 liberam
1196 4376 1245 4409 esse
1262 4360 1386 4421 coelestem
1404 4359 1486 4409 urbem

342 4440 522 4504 Hierosolyma,
548 4442 589 4489 sed
613 4446 648 4490 est
675 4443 848 4506 propemodum
871 4441 1000 4490 ridiculum
1019 4442 1135 4506 suturam
1161 4440 1241 4490 urbem
1260 4446 1366 4491 nostram
1384 4443 1486 4497 matrem

339 4521 470 4574 nominare.
489 4522 595 4587 Denique
610 4540 654 4572 cur
670 4520 684 4577 ἡ
700 4520 748 4571 ίίνοι
765 4519 929 4585 Ἰερουσαλήμ
947 4522 1018 4577 vidua
1035 4525 1059 4571 et
1077 4522 1166 4572 sterilis
1185 4526 1242 4577 est?
