3192 5325
635 552 694 615 131

90 754 179 817 quae
212 737 384 802 derivatur
415 734 448 797 ἐκ
479 737 533 797 τοῦ
556 731 643 800 mciv
667 728 760 808 εἶναι,
782 750 850 799 non
874 730 1103 798 excluderetur
1126 746 1234 811 pecca·

89 844 207 908 torum
240 842 411 922 remissio,
445 858 525 906 nam
560 839 587 904 si
613 841 697 905 bene
719 838 809 904 facta
831 854 893 904 nos
916 855 984 903 non
1007 839 1149 917 possunt
1172 851 1234 900 ser·

90 964 192 1029 vare,
216 951 352 1030 peccata
374 965 437 1013 nos
456 946 677 1012 condemnare
696 962 762 1011 non
783 945 959 1026 poterunt,
974 960 1035 1009 nec
1054 944 1109 1009 lex
1121 959 1237 1008 norma

91 1057 163 1138 est,
197 1055 240 1120 ad
271 1072 372 1136 quam
394 1056 510 1120 nostra
532 1052 645 1119 omnia
666 1053 905 1133 exaequantur.
929 1051 1107 1131 Redactor,
1132 1051 1237 1131 quum

92 1178 161 1227 non
198 1161 283 1226 satis
317 1161 534 1242 perspiceret,
571 1176 656 1241 quae
691 1159 829 1225 tandem
856 1159 948 1224 esset
970 1157 1025 1223 illa
1047 1155 1235 1240 δικαιοσύνη,

93 1285 159 1348 qua
179 1266 263 1333 nihil
282 1268 472 1333 continetur
490 1270 621 1348 praeter
638 1268 673 1329 ri
697 1265 784 1332 ιιςὸι
807 1259 901 1349 εἶναι,
923 1264 1063 1343 ambigit
1077 1263 1239 1330 debeatne

94 1374 205 1452 legem
227 1373 423 1439 confirmare
444 1391 489 1438 an
513 1373 682 1439 destruere
706 1370 770 1455 (vs.
794 1372 859 1450 31).

636 1593 655 1667 g
678 1589 710 1652 4.

474 1756 652 1822 tractatur
674 1758 773 1838 rapui
796 1755 860 1822 IV.

143 1927 220 1993 Non
244 1929 298 1992 est
322 1926 476 1992 Abrahae
499 1925 605 2006 filine,
630 1925 687 2006 qui
710 1925 860 1990 externis
882 1924 974 1990 vitae
997 1925 1114 1990 officiis
1138 1925 1241 2004 iungi·

100 2036 156 2098 tur
179 2050 265 2114 quae
287 2033 420 2098 laudem
442 2034 656 2115 comparant,
681 2048 742 2096 nec
764 2030 873 2110 magis
895 2031 1157 2114 circumcisione,
1184 2033 1241 2098 sed

101 2139 129 2203 si
164 2140 241 2220 quis
277 2138 431 2204 Abrahae
465 2137 573 2203 instar
609 2136 716 2202 fidelis
751 2136 869 2202 fuerit:
898 2137 979 2202 haec
1009 2141 1063 2202 est
1086 2125 1243 2218 primaria
1306 2205 1308 2210 ,

102 2245 271 2310 sententia
294 2245 397 2310 etiam
420 2244 454 2309 in
479 2244 541 2309 hoc
563 2245 682 2325 quarto
705 2242 823 2324 capite.

147 2350 224 2426 Gur,
256 2351 307 2416 ita
336 2351 429 2416 enim
458 2349 599 2431 scriptor
632 2349 761 2431 quaerit
793 2348 913 2415 statim
935 2351 977 2415 ab
1000 2350 1102 2434 huJ'us
1125 2351 1244 2433 capitis

23 2494 27 2500 ·
103 2456 215 2540 initio,
240 2457 276 2521 in
299 2459 413 2522 vetere
438 2456 654 2521 Testamento
676 2454 845 2520 Abraham
868 2458 965 2536 pater
987 2456 1108 2522 dicitur
1130 2475 1245 2524 eorum

104 2545 272 2646 omnium,
307 2562 427 2644 quibus
458 2562 492 2626 τὸ
524 2559 612 2628 meir
636 2555 712 2623 εἶναι
736 2564 900 2643 tanquam
922 2562 1014 2628 vitae
1037 2581 1154 2634 norma
1174 2567 1243 2647 est,

105 2670 225 2752 quique
240 2670 377 2751 proinde
395 2669 522 2735 nnllam
541 2669 727 2734 mercedem
739 2668 936 2749 poscerant?
951 2669 976 2753 ¹)
996 2670 1244 2752 Respondetur:

107 2776 263 2855 quoniam
285 2775 440 2840 Abrahae
463 2775 586 2856 aliquid
613 2775 848 2861 „reputatum”
872 2779 926 2842 est
944 2774 1115 2859 (ἐλογίσθη)
1134 2777 1247 2860 itaque

106 2897 233 2947 merces
256 2882 344 2961 exigi
367 2883 409 2947 ab
433 2898 471 2946 eo
494 2898 562 2945 non
585 2880 706 2961 potuit.
730 2880 805 2945 Non
828 2882 1029 2966 mercedem,
1055 2882 1112 2948 sed
1136 2881 1246 2966 χάριι;

93 2974 171 3051 'non
203 2988 441 3069 praestitorum
471 2987 653 3053 officiorum
676 2988 980 3052 remunerationem
1003 2988 1164 3073 famulus,
1190 2990 1248 3055 sed

108 3093 192 3160 iilius
228 3096 407 3175 paternum
441 3094 589 3159 favorem
620 3096 780 3176 expertus
810 3096 879 3168 est,
913 3094 1125 3175 siquando?
1156 3095 1246 3161 Num

109 3199 190 3267 forte
220 3203 297 3282 post
327 3200 636 3265 circumcisionem?
659 3200 795 3265 Minime
818 3200 986 3280 gentium:
1010 3203 1090 3265 ante
1112 3201 1248 3267 circum·
1276 3260 1280 3271 .

111 3306 274 3373 cisionem.
300 3307 392 3371 Haec
415 3324 482 3373 non
501 3306 643 3390 peperit,
667 3305 724 3371 sed
744 3309 858 3371 ratum
879 3306 958 3371 fecit
977 3306 1133 3388 favorem,
1148 3325 1248 3389 quem

108 3411 301 3490 jamdudum
332 3412 503 3478 Abraham
526 3414 686 3493 expertus
709 3414 792 3477 erat.
817 3412 874 3477 ille
897 3411 999 3491 igitur
1022 3414 1249 3481 reveraPater

112 3520 258 3585 omnium
281 3525 391 3600 πιςῶι,
418 3517 599 3585 Gentilium
622 3535 726 3600 aeque
748 3536 787 3584 ac
810 3519 1029 3585 iudaeorum:
1054 3520 1246 3607 Gentilium,

113 3626 194 3704 quod
219 3621 390 3691 Abraham
413 3625 562 3690 nondum
583 3625 800 3690 circumcisus
823 3625 926 3690 divini
950 3626 1073 3692 favoris
1084 3627 1250 3709 particeps

34 3791 35 3794 ,
113 3730 216 3797 iactus
239 3735 310 3813 est;
335 3732 537 3797 iudaeorum
560 3734 693 3812 autern,
718 3731 804 3812 quod
827 3732 1031 3798 circumcisio
1050 3732 1143 3798 iilum
1162 3734 1250 3800 fero·

35 3825 36 3848 ³
114 3852 179 3901 rem
203 3838 423 3904 confirmarit.
448 3838 516 3903 Nec
538 3837 654 3903 tamen
676 3836 776 3903 Pater
798 3840 852 3902 est
875 3838 940 3903 nisi
964 3855 1079 3904 eorum
1102 3841 1159 3921 qui
1178 3856 1249 3906 ves·

115 3942 189 4020 tigia
212 3944 379 4025 premunt
394 3943 467 4008 eius
489 3944 547 4024 oui
568 3943 698 4025 primus
720 3942 869 4008 ostendit
893 3943 971 4025 quid
990 3947 1082 4010 esset
1104 3943 1139 4008 ri
1162 3947 1250 4012 ιιιςὸι

118 4040 184 4113 εἶναι
200 4049 235 4134 ²).

120 4230 308 4243 w

142 4330 166 4395 1)
184 4332 224 4381 Vr.
243 4333 257 4380 l
275 4347 330 4381 cnm
348 4329 465 4382 Vaticano
482 4329 567 4379 Codice
582 4329 716 4379 omittimus
733 4324 865 4391 εὑρηκέναι.
886 4330 950 4397 Quid
968 4330 1045 4397 igitur
1060 4331 1088 4382 dc
1105 4330 1259 4385 Abrahudice

122 4424 180 4471 nm,
199 4418 267 4478 patre
292 4417 374 4463 nostro
396 4413 524 4463 secundum
546 4412 711 4478 scripturam?
736 4428 792 4464 nam
814 4416 838 4463 ct
860 4414 899 4464 hic
917 4417 941 4464 et
958 4414 1014 4465 alibi
1031 4416 1099 4465 narb
1117 4414 1197 4479 σάρκα
1214 4418 1259 4467 hoc

123 4493 238 4559 significat.

154 4579 180 4641 2)
199 4577 242 4629 Sic
257 4579 329 4629 enim·
340 4578 507 4643 distinguimus
523 4580 588 4629 inter
603 4579 749 4630 Indaeorum
765 4580 835 4649 πξςιν
851 4584 876 4629 ct
892 4581 1090 4633 Christianorum.
