3192 5325
901 564 965 628 214

383 750 510 815 Eodem
522 748 620 814 modo
633 747 836 830 populariter
855 747 1049 827 disputatur
1067 745 1168 810 Hebr.
1182 746 1220 826 6,
1236 745 1255 809 4
1269 762 1355 826 sqq.;
1370 743 1490 824 scriptor

360 874 426 921 non
447 855 552 921 credit
570 856 730 935 perpetuo
749 853 879 931 καθαρὸν
898 869 971 946 esse
983 869 1192 935 mansurum,
1207 852 1264 932 qui
1276 850 1378 916 semel
1389 850 1489 930 inerit;

361 962 479 1041 negat,
504 961 559 1025 uti
581 960 736 1038 Theologi
765 960 955 1042 loquuntur,
990 957 1277 1039 perseverantiam
1304 947 1496 1022 sanctorum

359 1067 431 1130 Imo
450 1068 582 1130 contra:
604 1063 754 1128 α’δύνασσν
774 1063 844 1134 τοὺς
865 1059 955 1138 ἅπαξ
971 1063 1183 1143 Φωσισθένταρ
1197 1110 1225 1127 ..
1244 1113 1250 1128 .
1266 1061 1490 1140 παραπεσόντας

359 1172 456 1237 πάλιν
472 1169 676 1249 ἀνακαινίζειν
697 1173 740 1242 εἷς
761 1169 937 1247 μετάνοιαν.
960 1167 1071 1236 Solam
1090 1167 1243 1236 normam
1262 1169 1412 1250 sequitur
1421 1185 1491 1249 quae

359 1280 455 1344 bonis
489 1278 638 1343 moribus
668 1281 835 1353 censetur,
869 1277 925 1357 qui
959 1279 1042 1341 sunt
1072 1275 1193 1356 optimi
1223 1275 1354 1340 fructus
1384 1274 1491 1339 mutati

358 1384 481 1449 animi:
505 1390 548 1458 νῆ
563 1433 570 1448 .
587 1429 617 1446 ..
642 1380 813 1462 ἐκφέρουσα
837 1381 975 1452 ἀκάνθας
1000 1379 1051 1444 καὶ
1075 1379 1234 1458 τριβόλους
1255 1379 1395 1456 abdaram
1408 1398 1453 1446 vs.
1465 1381 1489 1444 8.

317 1523 322 1529 ·
358 1491 475 1571 reuco
507 1490 561 1554 hic
592 1489 732 1571 scriptor
762 1489 859 1570 plane
889 1487 996 1553 reiicit
1027 1486 1218 1564 βασσισπῶν
1246 1486 1376 1567 διδαχήν
1402 1486 1489 1552 vsi

357 1599 459 1676 atque
471 1595 520 1660 sic
536 1595 675 1660 tandem
689 1595 732 1659 ad
752 1595 866 1675 ipsum
877 1595 925 1658 rei
935 1594 1105 1659 cardinem
1116 1594 1340 1676 pervenimus.
1353 1591 1489 1674 Quaestio

357 1718 402 1768 an
419 1719 526 1766 unum
547 1701 656 1766 solum
668 1701 789 1778 λουτρὸν
810 1701 847 1765 in
859 1703 1058 1781 perpetuum
1069 1703 1240 1781 praestare
1251 1701 1359 1781 possit
1369 1696 1487 1780 catapli,

358 1808 510 1890 quaestio
542 1808 583 1872 de
605 1808 855 1888 perseverantia
879 1809 1073 1872 sanctorum
1097 1806 1240 1872 maximi
1262 1805 1422 1872 momenti
1441 1805 1487 1884 iit,

359 1913 466 1978 sicubi
503 1912 588 1994 lapsi
624 1913 861 1993 inveniuntur,
892 1912 950 1994 qui
981 1911 1023 1977 ad
1053 1911 1210 1978 ecclesiae
1241 1913 1490 1978 communionem

358 2019 464 2083 redire
480 2019 630 2098 cupiunt.
647 2018 784 2083 Licetne
804 2035 861 2084 eos
881 2015 1086 2097 ἀνακαινίζειν
1106 2017 1148 2086 εἰς
1166 2017 1349 2100 paraveram
1361 2019 1492 2096 Negatur

359 2143 398 2190 ac
416 2127 631 2206 ,pernegatur
661 2125 847 2190 secundum
875 2126 994 2205 dogma
1017 2126 1255 2207 catharorum,
1282 2125 1368 2207 quod
1389 2125 1492 2202 dogma

360 2231 467 2297 multo
500 2233 553 2296 est
584 2231 755 2295 vetustius
786 2248 889 2312 quam
919 2232 993 2311 ipsa
1023 2235 1125 2296 secta.
1162 2227 1196 2296 Si
1227 2231 1304 2312 quis
1335 2229 1491 2296 adhristo

360 2336 496 2419 defecit,
533 2337 623 2401 nulla
653 2353 816 2416 umquam
840 2337 958 2416 flagitii
982 2337 1145 2403 remissio.
1175 2336 1366 2407 Secundum
1388 2334 1492 2400 Catho-

359 2443 440 2508 licos
463 2443 626 2507 absolutio
649 2443 748 2507 enixe
771 2442 901 2523 petenti
924 2445 1039 2522 negari
1061 2461 1128 2508 non
1151 2443 1305 2525 debebat;
1328 2443 1375 2508 sic
1394 2442 1491 2521 postea

361 2548 540 2614 constituit
563 2546 721 2612 Callistus
743 2548 900 2613 Pontifex
924 2551 1144 2631 (alu—maa
1171 2550 1218 2614 sic
1240 2552 1381 2614 octavus
1403 2561 1493 2612 canon

364 2654 500 2721 Consilii
520 2654 662 2720 Nicaeae
681 2654 804 2736 habiti;
823 2651 881 2721 sed
894 2655 942 2721 sic
951 2657 1023 2738 jam
1034 2655 1113 2721 Luc.
1130 2657 1188 2737 12,
1205 2652 1262 2721 10b
1273 2657 1390 2721 contra
1403 2653 1452 2719 1ον
1464 2649 1493 2735 ¹).

408 2762 598 2827 Tenebatur
629 2761 805 2842 pulchrum
829 2762 909 2827 illud
932 2761 1105 2837 ἀγαπήσας
1132 2799 1173 2810 -
1198 2760 1241 2832 εἷς
1266 2760 1429 2849 τέλος-13,
1453 2760 1493 2832 1⁰,

361 2868 447 2949 quod
466 2883 557 2931 nunc
579 2867 716 2932 demum
734 2870 824 2933 recte
842 2867 1062 2947 intelligimus
1082 2870 1124 2946 (h.
1139 2886 1167 2934 e.
1192 2868 1353 2950 usquead
1372 2865 1492 2945 discipu·

358 2976 467 3040 lorum
488 2972 618 3038 obitum
632 2973 668 3057 ²).
692 2974 822 3038 Pedum
844 2974 970 3040 ablutio
993 2976 1203 3041 monstrabat
1220 2974 1491 3057 perseverantium

358 3082 553 3147 sanctorum
586 3080 867 3160 quemadmodum
908 3079 1072 3160 legimus:
1112 3080 1172 3159 οὐχ
1208 3077 1342 3158 ἁρπάσει
1377 3102 1420 3151 τις
1456 3074 1490 3139 rt

395 3344 423 3409 1)
446 3344 539 3407 Nempe
564 3345 664 3407 propter
687 3335 751 3391 Joh.¹
762 3343 803 3401 20,
822 3344 854 3393 22
872 3347 896 3393 et
915 3345 1007 3394 Matth.
1026 3344 1066 3403 le,
1085 3346 1125 3403 19,
1144 3344 1252 3394 adhibita
1269 3346 1379 3395 cautione
1396 3359 1449 3409 quae
1463 3342 1489 3389 le·

362 3424 428 3489 gitur
445 3424 538 3473 naoth.
557 3426 597 3483 18,
615 3424 655 3476 17.
675 3426 756 3475 Canon
772 3424 871 3489 quidam
889 3424 1050 3497 apostolicus,
1066 3426 1107 3491 qui
1122 3418 1240 3492 repetitur
1252 3442 1280 3476 ex
1293 3428 1422 3493 posteriorc
1433 3427 1490 3491 parte

362 3506 431 3557 tertii
454 3505 556 3564 saeculi,
574 3506 682 3571 episcopo
700 3508 738 3556 vel
754 3509 871 3557 sacerdoti
889 3507 999 3573 abrogat,
1016 3509 1058 3573 qui
1073 3516 1127 3575 post
1143 3510 1316 3575 poenitentiam
1333 3508 1443 3575 peccatori
1458 3506 1489 3555 ab·

363 3588 507 3638 solutionem
521 3588 651 3651 denegarit.
669 3590 693 3637 S.
709 3589 886 3639 Communioet
904 3606 964 3639 nova
980 3590 1045 3639 inter
1061 3591 1141 3639 fideles
1159 3591 1274 3656 receptio,
1294 3591 1379 3656 quibus
1395 3588 1491 3639 canocice

361 3670 478 3720 molatio
494 3670 639 3729 continetur,
656 3686 704 3719 non
720 3672 850 3721 acaurio
867 3672 1024 3721 cohaerebant
1041 3689 1096 3723 cum
1111 3678 1262 3739 peccatorum
1275 3673 1421 3737 remissione,
1431 3684 1490 3736 quam

257 3757 258 3760 ’
361 3754 557 3803 sacramentalem
583 3752 752 3803 absolutionem
774 3754 927 3819 appellabant
949 3769 1022 3818 eaque
1045 3755 1115 3819 plena
1134 3755 1254 3823 restitutio
1272 3755 1298 3804 in
1315 3755 1431 3819 integrum
1445 3754 1490 3817 post

361 3834 453 3884 nefaris
468 3834 569 3883 crimina
585 3850 654 3899 saepe
671 3849 719 3883 non
736 3835 783 3884 nisi
801 3839 882 3885 exacta
899 3836 949 3885 rita
963 3837 1140 3895 concedebatur,
1156 3852 1212 3887 nsm
1226 3836 1330 3886 Ecclmia
1344 3835 1490 3887 remissionom

359 3918 502 3975 macedone,
525 3932 574 3965 non
599 3916 652 3974 idco
673 3916 745 3965 simul
768 3933 869 3982 poenam
894 3933 988 3982 quoque
1012 3918 1149 3968 remittebat
1165 3920 1236 3983 idque
1253 3919 1350 3983 agebat,
1368 3922 1394 3969 ut
1410 3916 1490 3966 divinas

360 3998 468 4062 justitiae
489 3998 625 4060 satisfieret,
651 4001 678 4047 ut
700 3998 817 4047 &clasiae
839 3999 929 4063 injuria
948 4000 1017 4049 illata
1034 4004 1235 4065 compensaretur,
1253 4005 1280 4050 ut
1296 4002 1373 4051 virtus
1388 3998 1490 4049 intentius

362 4080 492 4138 coleretur,
509 4080 610 4143 denique
627 4096 657 4127 ne
674 4080 728 4144 quis
744 4083 835 4129 temere
852 4080 971 4129 laberetur
988 4097 1076 4146 poenae
1094 4082 1193 4131 lenitate
1211 4082 1363 4149 illaqueatus.
1379 4079 1490 4130 (lodicibus

362 4160 499 4226 poenalibus
523 4160 627 4210 Ecclesia
653 4165 745 4211 certum
766 4162 806 4225 jus
829 4162 986 4211 constituerat
1008 4165 1033 4211 et
1057 4164 1134 4212 medio
1157 4163 1250 4214 saeculo
1274 4165 1347 4213 tertio
1364 4164 1388 4213 in
1404 4159 1490 4211 corrdlio

361 4243 464 4306 quodam
480 4242 592 4291 Africano
607 4242 658 4305 jam
674 4243 731 4291 talis
746 4243 833 4293 codicis
849 4237 939 4293 mentio
955 4246 990 4293 fit.
1009 4246 1039 4293 In
1057 4244 1174 4295 occidenti
1190 4246 1301 4295 admissio
1317 4248 1347 4295 ad
1361 4241 1489 4295 communio·

364 4340 418 4373 nem
438 4326 466 4371 fit
488 4323 548 4372 teria
573 4324 663 4387 quinta.
684 4326 751 4373 Haec
768 4325 934 4390 descripsimus
951 4341 979 4374 ex
995 4326 1118 4391 praeclaro
1136 4326 1197 4376 libro
1216 4328 1254 4394 H,
1266 4328 1291 4379 J.
1310 4325 1443 4377 Schmitaii:
1459 4321 1491 4370 dia

362 4406 512 4457 sarasar
536 4407 587 4454 ιιι
610 4406 649 4456 aa
671 4407 845 4470 aaaaapaa
867 4409 910 4457 ar
931 4408 1027 4458 aaran.
1051 4409 1121 4457 aaa
1147 4396 1378 4473 anastasiana
1397 4408 1488 4463 aare.

363 4489 447 4539 Mainz
468 4488 538 4535 1883.

398 4571 423 4631 a)
441 4571 470 4618 In
487 4569 531 4618 lrcc
548 4569 676 4633 Evangelio
689 4568 750 4619 ’ίδισι
765 4584 895 4635 numquam
909 4574 964 4621 sunt
977 4570 1035 4621 Jssu
1050 4572 1172 4637 discipuli,
1189 4574 1229 4623 sed
1237 4573 1318 4623 fideles
1327 4571 1488 4623 inunivers'um·
