3192 5325
886 551 948 616 106

344 727 440 812 plura
462 730 494 794 ei
516 727 655 796 dicenda
678 733 760 798 sunt
783 750 885 814 quarn
908 734 1050 800 fortasse
1069 733 1219 800 libuerat.
1245 733 1307 814 Qui
1325 733 1489 816 Epistulae

343 835 441 901 initio
463 835 576 902 fideles
588 836 711 904 divinis
723 839 1002 907 consolationibus
1013 840 1282 925 impertiebatur,
1295 841 1489 906 inextrema
1572 851 1573 864 ¹

344 941 516 1025 Epistula,
550 942 628 1024 Cap.
661 945 719 1027 12,
751 945 966 1014 vacillantem
995 947 1231 1014 auctoritatem
1261 946 1374 1013 fulcire
1398 947 1494 1013 debet

345 1050 568 1115 contentum
589 1049 629 1116 de
649 1050 721 1118 vita
740 1054 870 1134 propria
887 1055 908 1131 ¹)
929 1054 1117 1137 scribendo,
1132 1054 1190 1120 sed
1202 1055 1305 1122 etiam
1317 1055 1357 1120 de
1369 1053 1490 1121 Christi

348 1199 410 1214 ..—

347 1289 526 1354 propinquitate
552 1289 689 1355 repetimus.
716 1289 766 1355 Qui
790 1289 817 1338 in
842 1290 938 1340 Christo
962 1293 1013 1350 εει,
1038 1290 1110 1340 sliam
1135 1290 1202 1355 qussi
1228 1305 1353 1354 personam
1370 1289 1449 1338 induit
1466 1291 1488 1337 st

344 1370 410 1421 inter
436 1372 523 1421 fratres
549 1371 619 1429 καινή
646 1371 730 1430 κτίσις
756 1371 864 1422 habetur.
883 1399 915 1410 -
942 1374 1013 1438 Quod
1034 1373 1063 1421 sd
1081 1372 1230 1422 undecimum
1246 1376 1317 1436 capnt
1335 1371 1435 1429 attinet,
1453 1385 1484 1418 vs.

346 1455 360 1504 1
386 1452 524 1516 ἀφροσύνης
548 1454 718 1505 verosimiliter
740 1454 913 1520 interpolatum
939 1459 986 1515 est,
1013 1471 1089 1520 neom
1114 1458 1170 1504 ante
1196 1470 1229 1504 vs.
1257 1455 1288 1503 lt
1314 1454 1400 1503 idonea
1423 1468 1489 1501 cauea

346 1540 382 1585 est
406 1552 449 1586 cnr
474 1541 557 1587 auctor
583 1538 612 1586 de
638 1553 680 1586 sus
702 1537 842 1602 insipientia
868 1537 988 1602 loquatur.
1012 1537 1092 1586 Nimis
1110 1553 1177 1603 saepe
1199 1536 1300 1601 legimns
1322 1534 1487 1600 descriptoris
1574 1547 1575 1550 ’

344 1618 481 1684 iusipientia
508 1623 533 1668 et
553 1619 583 1668 sd
599 1617 732 1668 satietatem
751 1635 824 1683 usque
843 1620 945 1668 recurrit
962 1635 1016 1669 eum
1033 1619 1099 1684 loqui
1120 1617 1153 1677 ὡς
1170 1617 1270 1682 ἄφρονα.
1287 1646 1321 1656 -
1338 1619 1387 1667 Ριο
1410 1633 1484 1678 ταρα-

346 1702 422 1757 ςήσαι
445 1701 508 1765 quod
530 1701 633 1766 pendere
657 1716 704 1750 non
727 1704 805 1766 potest
831 1716 861 1751 ex
885 1701 957 1750 verbo
984 1699 1141 1763 ἡρμοσάμην,
1160 1702 1252 1765 corrige
1274 1697 1431 1762 ταραςήσας.
1446 1699 1483 1749 Vs.

345 1781 455 1831 8delere
483 1782 553 1831 malis
578 1781 619 1830 καὶ
643 1784 689 1840 τής
712 1781 860 1845 αγνότκτσς.
888 1785 944 1833 Νοιι
969 1784 1015 1832 nisi
1034 1783 1165 1839 ιὶσλότνρτσ
1197 1787 1251 1848 apte
1266 1781 1379 1846 jungitur
1396 1797 1450 1831 cum
1466 1777 1488 1828 ἐν

346 1867 378 1928 τῇ
403 1867 541 1929 ταναυργιᾳ
567 1869 590 1912 ει
611 1860 780 1928 ἐξηπάτησεν.
809 1865 849 1914 Vs.
873 1866 889 1913 4
913 1869 966 1930 post
990 1867 1090 1925 πνεῦμα
1115 1864 1197 1926 ἕτερον
1216 1864 1268 1912 dele
1287 1862 1441 1925 λαμβάνετε,
1461 1863 1488 1910 In
1575 1871 1576 1924 ξ

346 1952 452 1996 extremo
474 1962 544 1995 versu
562 1949 644 2003 καλῶς
662 1943 784 2008 ἀνέχεσθε
802 1947 841 1996 vix
858 1963 944 1997 verum
961 1964 1010 1996 esse
1024 1947 1121 2013 poterit.
1141 1948 1182 1996 Vs.
1201 1949 1215 1995 t
1233 1946 1335 1995 nimium
1353 1948 1490 2010 arroganter

346 2029 455 2094 scriptus.
483 2029 514 2077 V.
542 2028 556 2076 t
579 2031 706 2094 corruptus
729 2032 775 2088 est,
798 2046 854 2080 nam
872 2034 925 2096 post
943 2027 1042 2088 ἷδιήιτκς
1059 2030 1125 2094 sequi
1143 2046 1191 2080 non
1208 2033 1287 2095 potest
1302 2027 1493 2091 φανερώσαντες.

346 2112 397 2161 Nec
413 2111 489 2175 magis
507 2108 667 2176 probandum:
687 2107 712 2158 ἐν
730 2111 865 2163 ταντιί...
892 2109 917 2161 ἐν
934 2117 1010 2161 τιᾶσιυ
1034 2113 1109 2178 (qnod
1127 2129 1173 2164 om.
1192 2113 1253 2176 FG).
1273 2113 1313 2160 Vs.
1332 2115 1347 2162 8
1366 2128 1411 2177 pro
1429 2128 1488 2159 κατ-

348 2191 468 2255 ενάρκησα
493 2194 592 2242 tortasse
615 2193 739 2257 legendnm
765 2193 950 2256 κατεκράτησα.
978 2196 1017 2245 Vs.
1043 2197 1074 2245 10
1099 2201 1227 2260 corruptus
1253 2198 1290 2244 est
1305 2198 1329 2244 et
1347 2192 1375 2243 σύ
1395 2191 1489 2256 φραγή-
1576 2227 1577 2240 .

347 2292 421 2324 σεται
447 2292 541 2326 sensnm
564 2292 612 2325 non
635 2275 716 2335 hahet;
744 2277 810 2326 aliud
835 2277 933 2327 verbnm
952 2281 979 2327 ut
996 2283 1167 2343 exspectemus,
1185 2277 1243 2326 facit
1260 2278 1285 2326 id
1302 2278 1365 2341 quod
1384 2276 1489 2325 additum

347 2361 384 2407 est
415 2356 450 2415 εἰς
482 2354 535 2418 ἐμέ.
562 2359 602 2407 Vs.
627 2360 659 2408 12
686 2374 740 2407 vere
763 2356 951 2422 αἲνιγματῶδιρς
975 2362 1023 2411 εει;
1047 2364 1128 2409 utrum
1149 2360 1190 2408 aa
1206 2361 1293 2426 pendet
1311 2376 1340 2408 ex
1358 2359 1399 2407 tte
1416 2375 1446 2408 an
1463 2374 1488 2406 er

349 2438 485 2489 θελόντανΡ
508 2440 603 2489 Dixeris
622 2456 650 2489 ex
672 2440 744 2490 verbo
768 2439 863 2498 ποιήσαι
882 2451 908 2491 ιιι
926 2444 1044 2491 sententia
1060 2443 1109 2492 sit:
1129 2442 1204 2506 gratis
1220 2441 1305 2491 docebo
1323 2441 1489 2506 Evangelium,

349 2526 376 2573 ut
401 2526 513 2589 appareat
536 2523 608 2573 falsos
634 2524 742 2572 doctores
766 2524 829 2573 nihil
846 2523 931 2572 habere
949 2525 1011 2588 qnod
1028 2525 1176 2588 glorientur,
1194 2540 1218 2573 se
1235 2525 1259 2572 id
1276 2525 1352 2572 iacere
1370 2524 1435 2588 quod
1451 2538 1490 2572 nos

348 2622 442 2671 quoque
460 2606 586 2678 iaciamus,
603 2606 666 2655 nihil
682 2606 792 2672 amplius.
811 2607 857 2655 Sed
874 2622 946 2673 quam
962 2608 1051 2657 mirum
1069 2610 1105 2656 est
1122 2607 1212 2671 glorim
1229 2607 1342 2673 deputare
1359 2606 1491 2671 quodcum

348 2689 414 2738 islsis
431 2688 566 2739 doctoribus
583 2705 708 2739 commune
725 2688 823 2749 habeas,
842 2689 892 2749 vel,
911 2691 974 2754 quod
990 2690 1082 2749 verius,
1101 2691 1163 2754 quod
1181 2705 1235 2739 cum
1251 2689 1325 2738 iisne
1340 2689 1428 2739 habeas
1442 2689 1489 2754 qui·

348 2772 401 2821 dem
429 2787 566 2831 oommnoe;
593 2772 644 2837 ipse
669 2771 733 2821 enim
758 2772 862 2837 scriptor
887 2773 994 2821 concedit
1020 2772 1100 2821 fideles
1125 2770 1170 2821 sihi
1196 2772 1322 2836 aliquando
1349 2771 1489 2832 subvenisse.

348 2856 444 2920 Quanta
467 2854 615 2903 vehementis
640 2857 675 2902 est
692 2870 737 2920 yse.
757 2855 863 2903 13-15.
881 2854 987 2903 Erantne
1001 2854 1053 2918 jsm
1070 2858 1127 2904 tunc
1143 2851 1328 2913 φευδασόςσλυι
1346 2853 1411 2903 mala
1428 2854 1489 2901 fide?
1578 2894 1579 2917 ,

345 2936 384 2987 Ari
407 2936 539 2986 calumniae
560 2936 618 2985 illae
641 2938 697 2984 sunt
714 2939 738 2984 et
755 2935 901 2999 collegarum
918 2938 989 2986 odiat
1015 2938 1055 2985 Vs.
1076 2937 1105 2985 1a
1123 2934 1199 2983 πάλιν
1216 2935 1320 2999 intelligi
1336 2951 1385 2984 non
1404 2935 1490 3000 poterit

347 3020 394 3069 nisi
416 3035 449 3068 vs.
475 3020 498 3077 1,
516 3019 552 3068 uti
569 3017 685 3077 diximus,
703 3015 841 3080 αφρυσήνής
858 3019 974 3069 doleatur.
993 3020 1065 3069 Post:
1086 3018 1202 3068 ‚Utinam
1221 3018 1369 3069 sustineretis
1387 3033 1426 3067 me
1442 3033 1489 3065 mo·

347 3099 450 3160 dicnm”,
474 3101 527 3149 addi
552 3099 643 3165 potuit:
672 3099 845 3149 riternmdico
863 3101 963 3164 nequis
982 3098 1303 3166 mepntetinsipientem”;
1321 3100 1360 3147 sed
1378 3114 1491 3163 quorsum

345 3183 474 3249 pertinebit
499 3181 560 3230 illud
582 3182 679 3241 iterum,
706 3182 727 3230 si
750 3182 916 3246 praecesserit:
945 3183 1036 3231 utinam
1055 3182 1204 3231 sustineretis
1223 3182 1341 3230 modicum
1359 3182 1420 3246 quid
1436 3182 1490 3229 inei·

346 3265 450 3330 pientiae
467 3280 540 3314 mese.
557 3265 622 3313 Adeo
640 3265 721 3313 eadem
738 3280 785 3313 non
803 3264 924 3314 iterantur
940 3268 967 3313 ut
983 3265 1089 3315 adversis
1106 3263 1224 3314 frontibus
1242 3266 1355 3329 pugnent.
1373 3265 1414 3313 Sic
1431 3264 1489 3313 orie·

346 3351 388 3397 tur
409 3348 516 3411 gradatio
540 3348 666 3411 quaedam:
687 3347 716 3396 10
734 3347 853 3397 modicum
872 3363 909 3396 me
926 3348 1042 3399 sustinete
1059 3359 1103 3408 (vs.
1121 3349 1161 3413 1);
1182 3347 1211 3396 2⁰
1230 3347 1306 3396 nolite
1323 3362 1360 3395 me
1378 3347 1490 3413 insipieu-

347 3431 394 3480 tiss
416 3430 554 3479 insimulare
560 3453 567 3489 ;
594 3429 623 3477 3ο
641 3430 735 3479 etiamsi
752 3430 881 3496 desipiam,
899 3434 980 3479 tamen
999 3428 1103 3495 δέξασθέ
1119 3447 1151 3491 με
1169 3429 1202 3489 ὡς
1219 3428 1320 3493 ἄφρονα.
1338 3430 1489 3487 lectoribus,

347 3513 388 3577 qni
414 3513 444 3561 τὸ
472 3512 617 3575 καυχᾶσθαι
630 3512 798 3577 ⁴desipientis
821 3511 944 3572 tribuunt,
968 3513 1068 3578 opponit
1094 3514 1197 3577 scriptor
1218 3528 1285 3562 susm
1305 3510 1429 3568 ὑσόςασιν
1447 3514 1491 3568 τῆς

349 3592 509 3657 καυχήσεως,
532 3611 574 3645 nec
597 3594 709 3643 credibile
727 3598 763 3643 est
777 3594 803 3644 in
820 3594 865 3643 tali
883 3599 1036 3658 argumento,
1054 3611 1107 3643 eum
1125 3595 1197 3644 toties
1215 3594 1363 3659 usurpavisse
1379 3594 1443 3644 illud
1460 3592 1490 3651 ὡς

346 3676 434 3741 ἤφρυν.
453 3679 493 3726 Vs.
511 3678 544 3727 23
561 3681 625 3726 certo
643 3678 752 3742 ineptum
770 3677 885 3741 estquod
903 3677 990 3727 editur.
1010 3675 1202 3733 Ψευδατόςυλσι
1217 3676 1251 3726 ibi
1267 3665 1425 3726 nominantur
1440 3675 1491 3723 dnt-

348 3776 411 3808 κσνσι
428 3761 533 3821 χριςσϋ,
550 3760 600 3808 sive
616 3760 718 3817 ironice,
737 3760 786 3808 sive
804 3775 833 3807 ex
850 3762 930 3808 mente
948 3759 1064 3809 lectorum
1070 3782 1077 3818 ;
1097 3760 1209 3825 scriptori
1225 3763 1289 3807 certe
1306 3764 1364 3807 sunt
1386 3756 1491 3807 διάκονοι

347 3843 393 3889 τσῦ
418 3833 524 3890 Σατανᾶ.
552 3843 603 3890 Nec
624 3856 679 3890 sane
703 3842 917 3903 παραφρονοῦντος
940 3844 976 3889 est
1000 3841 1026 3889 in
1045 3841 1088 3890 tali
1105 3844 1258 3905 argumento,
1280 3840 1330 3889 iilis
1347 3855 1491 3907 praeponere

346 3926 419 3973 semet
436 3924 527 3989 ipsum,
545 3925 606 3987 quod
625 3924 700 3987 magis
718 3940 788 3988 quam
805 3922 842 3971 illi
862 3922 953 3972 Christi
968 3923 1079 3973 minister
1093 3924 1132 3972 sit.
1151 3924 1236 3989 Itaque
1252 3922 1333 3972 tinebit
1348 3923 1427 3973 hicet
1442 3924 1491 3972 illic

346 4005 423 4055 delere
441 4005 472 4064 ὦς
486 4004 567 4068 ἄφρων
585 4010 609 4055 et
625 4006 725 4064 similin;
747 4007 809 4055 unde
825 4005 951 4069 legendum
969 4021 1002 4054 vs.
1022 4004 1064 4057 17:
1085 4004 1099 4054 t
1119 4010 1205 4062 acad,
1223 4006 1290 4053 κατα
1308 4002 1388 4067 κήρισυ
1408 4010 1491 4061 λαλῶ,

346 4085 370 4137 ἰν
388 4087 472 4150 ταύτῃ
488 4092 520 4152 τῇ
539 4086 661 4146 ὑτσςάσει
680 4091 726 4146 τής
743 4086 900 4151 καυχήσεως.
921 4088 976 4137 Esse
992 4089 1110 4153 quoddam
1125 4086 1271 4150 καυχᾶσθαι
1286 4084 1311 4136 ἐν
1326 4088 1409 4150 κυρίῳ,
1419 4090 1491 4153 quod·

345 4186 437 4235 cunque
454 4172 549 4221 tandem
565 4172 591 4220 id
608 4172 654 4230 sit,
672 4171 779 4220 videmus
799 4171 839 4229 10,
862 4169 899 4221 17.
920 4171 969 4235 Qui
985 4171 1089 4235 scriptor
1107 4170 1151 4219 hoc
1165 4171 1268 4220 officium
1283 4171 1412 4235 unicuique
1424 4186 1491 4237 prae·

346 4252 453 4318 scripsit,
470 4269 518 4302 non
536 4253 619 4308 statim
636 4251 746 4301 exhihere
763 4252 854 4317 poterit
871 4252 1005 4301 contrariae
1022 4253 1057 4300 rei
1075 4252 1216 4319 exemplum.
1237 4252 1261 4302 Si
1277 4253 1337 4301 torte
1352 4252 1491 4303 haberemus

346 4336 386 4393 11.
405 4337 436 4385 18
454 4337 504 4385 sine
522 4336 561 4394 11,
581 4336 620 4393 17,
638 4338 692 4400 post
710 4331 884 4395 καυχήσομαι,
903 4337 930 4382 ιιι
948 4334 1067 4399 oppositio
1084 4338 1228 4394 nasceretur,
1247 4334 1361 4384 vellemus
1375 4336 1488 4385 scribere:

346 4417 416 4466 ἄλλα
440 4419 508 4466 κατα
533 4419 631 4478 πνεῦμα
656 4417 695 4466 vel
721 4416 788 4464 κατα
812 4413 905 4477 κόριον,
928 4417 1095 4466 convenienter
1121 4417 1199 4468 versui
1224 4418 1266 4477 12,
1288 4418 1303 4466 6
1326 4414 1382 4481 (σιίκ
1399 4415 1491 4479 ’ἐσσμαι

345 4499 443 4563 Quor)-

379 4582 406 4650 1)
423 4584 480 4651 (top.
499 4584 538 4644 11,
556 4584 588 4633 26
605 4596 649 4647 pro
667 4583 786 4642 ποταμῶν
805 4581 872 4645 lege:
892 4583 1126 4644 βαλλαντιστιμυν.
