3192 5325
670 541 712 606 47

102 741 189 789 nus.
223 725 361 791 Etenim
391 728 428 807 6,
463 724 504 790 15
526 727 600 790 luce
622 724 738 790 clarior
761 727 831 801 est,
857 723 916 789 sed
939 724 1094 803 ambigue
1117 723 1264 805 scriptus

103 833 163 894 est
200 830 238 911 5,
272 832 303 894 6.
335 832 420 912 Quid
451 832 619 910 significat
650 831 704 893 οὐκ
733 829 838 910 ἰσχύει
871 829 1044 908 &spatiosis
1075 830 1114 892 ἐν
1142 829 1266 908 garsia?

103 936 204 1002 Nam
222 937 253 1000 ἕν
277 940 373 1017 xerse
397 938 457 1002 vix
477 938 658 1019 quidquam
677 953 751 1002 esse
770 936 894 1017 poterit
917 936 982 1001 nisi
994 954 1059 1018 per
1082 935 1265 1001 Christum.

100 1041 238 1108 Deinde
267 1045 303 1109 in
334 1045 446 1110 verbis
478 1044 508 1106 ἐν
530 1043 716 1122 χριςῷ....
749 1042 942 1120 11χύε1....
969 1043 1053 1111 πίςις
1078 1040 1113 1104 δι’
1134 1041 1265 1118 ἀγάπης

101 1146 329 1224 ἐνεργουμένη,
364 1168 432 1216 111
462 1152 516 1216 est
546 1167 627 1215 sane
654 1146 738 1217 alce
762 1149 887 1229 ahquid
911 1147 1072 1229 absoluti,
1098 1149 1155 1213 sed
1181 1148 1265 1220 alcea

102 1257 225 1319 certae
244 1256 419 1322 cuiusdam
441 1272 617 1337 personae,
638 1257 753 1337 itaque
772 1255 808 1319 in
828 1254 889 1319 hoc
909 1271 1009 1320 versu
1029 1270 1071 1318 ne
1091 1252 1263 1330 expelleris

101 1360 250 1439 quidem
278 1363 429 1427 absolute
456 1363 546 1427 sumi
581 1362 704 1443 poterit
734 1363 770 1426 et
793 1361 1030 1439 intelliguntur
1054 1361 1078 1424 ii
1102 1360 1160 1441 qui
1184 1361 1267 1440 legis

102 1467 332 1532 caerimoniae
358 1469 604 1533 satisfecerunt.

153 1568 350 1638 Secundum
378 1575 522 1640 Paulum
556 1573 758 1654 Episcopum
780 1572 933 1653 opposita
956 1574 1038 1636 sunt
1061 1574 1208 1647 περιτομὴ
1232 1577 1268 1639 et

102 1677 238 1760 χριςδς,
270 1698 339 1744 111
362 1681 449 1762 quod
471 1681 537 1745 duo
560 1682 642 1745 sunt
666 1679 828 1760 principia
851 1695 894 1743 ex
917 1678 1038 1742 intima
1062 1679 1268 1761 philosophia

103 1785 303 1867 depromta,
337 1788 395 1852 sed
425 1788 528 1869 quod,
560 1790 600 1851 ut
623 1787 671 1851 ita
694 1786 864 1865 dicamus,
889 1785 974 1849 duae
997 1785 1153 1850 ecciesiae
1168 1785 1201 1869 ¹).
1227 1787 1267 1852 ln

102 1890 220 1956 altera
242 1893 335 1958 salus
354 1893 476 1972 pendet
499 1910 520 1958 a
543 1891 803 1957 circumcisione.
829 1891 892 1971 Qui
905 1891 1168 1976 circumciditur,
1184 1892 1268 1958 sciat

103 1995 195 2076 quid
224 2002 321 2079 agat,
353 1999 480 2063 etenim
511 1997 575 2077 legi
604 2015 640 2063 se
672 1997 808 2079 subjicit
843 2000 879 2062 et
902 2013 1018 2078 reapse
1052 1998 1198 2064 salutem
1221 2015 1267 2062 re-

104 2104 228 2182 cusat,
249 2120 352 2183 quam
376 2103 568 2168 Christiana
585 2102 723 2168 ecclesia
744 2102 863 2167 ovibus
876 2103 949 2168 suis
961 2103 1116 2168 ostendit.
1141 2105 1264 2188 Erant,

106 2206 167 2270 uti
200 2208 414 2290 conjicimus.
447 2209 505 2291 qui
537 2209 708 2288 utrimque
737 2208 858 2272 lucrari
889 2211 1064 2291 cuperent,
1098 2209 1199 2274 sicuti
1226 2210 1268 2275 iis

107 2315 341 2397 temporibus,
374 2315 496 2397 quibus
527 2315 685 2380 effectum
715 2317 769 2378 est
799 2313 1015 2394 protestando
1038 2316 1079 2378 ut
1102 2315 1268 2381 Ecclesiae

107 2419 203 2483 ratio
225 2421 475 2504 emendaretur,
501 2420 601 2485 multi
627 2422 725 2483 erant
747 2419 804 2499 qui
827 2419 1035 2484 sacerdotem
1057 2421 1183 2486 veteris
1196 2439 1267 2487 nor-

108 2541 193 2589 mae
222 2524 343 2590 liberos
373 2544 453 2591 suos
477 2525 648 2606 baptizare
667 2525 840 2607 juberent,
862 2524 943 2589 dum
966 2524 1030 2606 ipsi
1053 2526 1170 2606 cupide
1194 2544 1267 2592 con-

108 2631 267 2697 fluebant
295 2633 338 2697 ad
362 2632 624 2714 concionatores,
651 2631 709 2712 qui
732 2648 790 2713 per
813 2646 910 2709 agros
934 2632 997 2695 sub
1020 2631 1073 2697 dio
1097 2632 1268 2698 mehorem

108 2738 209 2803 viam
233 2740 476 2803 monstrabant.
508 2738 581 2803 Hos
603 2738 780 2802 incusabat
802 2737 960 2802 Calvinus
972 2738 1163 2803 clamando:
1184 2738 1268 2818 Quid

107 2842 258 2908 Domino
293 2861 372 2908 cum
404 2844 615 2908 daemoniis?
644 2844 696 2906 Ac
725 2843 850 2923 pariter
877 2844 913 2924 5,
941 2844 979 2907 2:
1006 2843 1087 2906 οὐδὲν
1112 2843 1266 2923 ὠφελήσει

110 2949 201 3021 ὑμᾶς
226 2944 352 3027 χριςδς,
378 2949 432 3011 ἐὰν
456 2949 684 3025 περιτέμνησθε.
707 2948 833 3013 Deinde
853 2946 983 3026 callide,
1002 2948 1198 3032 Attendite,
1220 2950 1267 3013 in·

109 3053 204 3135 quit,
231 3056 349 3118 cavete
372 3072 415 3119 ne
437 3055 569 3119 obnoxii
590 3054 681 3119 fiatis
703 3055 854 3132 integrae
876 3054 949 3131 legi.
971 3054 1268 3135 Hicenimcorpus

109 3158 316 3237 intelligitur
346 3160 519 3226 inutilium
550 3163 803 3241 praeceptorum
830 3161 865 3223 et
888 3158 1144 3224 cerimoniarum
1167 3160 1268 3224 incre-

111 3263 263 3329 dibiliter
284 3264 513 3330 molestarum.

115 3442 319 3451 ..-

152 3560 180 3617 1)
200 3559 241 3606 Ἕν
258 3559 307 3623 γὰρ
324 3562 405 3622 macti
424 3560 470 3625 (vs.
489 3560 525 3626 6),
546 3556 571 3611 ἓν
590 3562 654 3625 νόμῳ
671 3568 714 3623 (vs.
732 3566 771 3622 4),
789 3561 1267 3629 111111111111111111111,1111111111-

26 3673 29 3679 -
114 3645 175 3689 tem.
193 3642 310 3690 Attendat
328 3643 398 3690 1111111
414 3643 468 3706 quis
485 3645 514 3692 ad
532 3643 704 3707 κατηργήθητε
721 3644 770 3693 ἀπὸ
788 3648 881 3707 xpasch
899 3645 946 3710 (vs.
962 3647 997 3703 4).
1019 3645 1078 3694 Vide
1096 3646 1156 3694 illud
1174 3663 1268 3706 καταρ-

116 3722 220 3785 γεῒσθαι
241 3739 295 3772 enm
319 3724 494 3788 praepositione
521 3725 572 3775 ἀπό
596 3726 750 3790 conjunctum
773 3728 845 3776 Rom.
869 3727 897 3785 7,
916 3728 940 3775 2.
960 3727 1008 3776 Hie
1025 3727 1044 3775 si
1064 3727 1156 3777 Christi
1168 3728 1268 3777 'nomine

115 3819 221 3869 persom
237 3804 425 3869 intelligeretur,
444 3812 631 3872 expectaremus,
650 3825 710 3858 non:
730 3809 838 3858 evacuati
856 3810 912 3858 estis
930 3825 943 3857 a
960 3809 1130 3867 Christo,sed:
1144 3810 1268 3860 Christum

117 3888 233 3951 negastis.
251 3888 341 3935 Deinde
359 3892 385 3937 11
401 3889 519 3952 generalis
534 3890 616 3955 regula
632 3891 793 3950 indicaretur,
811 3892 993 3955 praeferendum
1011 3891 1072 3939 foret
1089 3907 1199 3955 praesens
1208 3894 1266 3940 tem·

117 3985 171 4033 pus.
190 3968 264 4017 Haud
281 3985 337 4018 rero
354 3970 380 4019 11
397 3971 513 4034 Epistulis
531 3973 622 4033 χριςός
638 3972 701 4022 idem
719 3976 755 4021 est-
772 3974 836 4035 quod
854 3972 958 4021 Ecclesia
975 3972 1126 4031 Ohristiana,
1145 3973 1175 4021 τὸ
1193 3976 1268 4033 σῶμα

118 4052 220 4111 χριςοῦ.
249 4051 337 4100 Confer
360 4068 393 4100 vs.
417 4053 445 4101 9:
470 4053 528 4116 quid
552 4054 617 4102 enim
633 4051 737 4115 φύραμα
755 4054 860 4103 indicare
878 4058 955 4118 potest
973 4058 1069 4118 practer
1085 4054 1196 4105 intimam
1214 4071 1269 4104 con·

116 4132 267 4195 junctionem
290 4136 315 4181 et
339 4134 474 4183 universam
492 4135 638 4184 Ecclesiam?
662 4136 784 4185 Accedunt
801 4151 834 4184 vs.
855 4136 886 4185 12
904 4134 1074 4194 ἀποκόψονται
1092 4140 1117 4185 11
1134 4136 1159 4184 01‘
1173 4135 1268 4193 ἀναςα-

119 4216 232 4271 τοῦντες.
260 4215 331 4263 Ν111
353 4216 425 4264 etiam
448 4216 605 4280 intelligimus
623 4216 748 4265 lectionem
767 4218 878 4266 Vaticani
892 4218 985 4267 Codicis
1004 4234 1036 4267 vs.
1060 4215 1268 4276 1,ς1κετε,1111

112 4295 164 4343 ullo
181 4296 350 4346 additamento.
369 4297 464 4347 Etenim
481 4298 612 4362 significati
631 4303 736 4363 perstate
752 4299 777 4347 in
795 4314 823 4347 ea
837 4300 882 4347 fide
900 4315 971 4362 quam
987 4299 1068 4348 nostis.
1088 4300 1124 4348 ef.
1143 4300 1210 4349 Rom.
1223 4300 1267 4360 11,

121 4377 166 4436 20;
192 4379 205 4425 l
230 4380 287 4428 Cor.
312 4380 357 4437 10,
381 4380 426 4439 123
445 4382 491 4439 le,
509 4382 539 4440 1,
557 4381 596 4430 nbi
613 4383 686 4434 cord.
707 4384 728 4430 D
748 4385 773 4430 et
789 4384 812 4431 G
829 4378 920 4438 ςῆκετε
938 4381 1038 4441 habent3
1059 4382 1123 4447 Eph.
1141 4383 1231 4441 o,14;
1252 4382 1265 4431 l

120 4462 188 4510 Patr.
207 4463 234 4520 11,
253 4462 292 4511 12.
311 4462 382 4527 Quod
400 4478 429 4511 ex
445 4464 560 4513 Codicum
576 4464 718 4513 lectionibus
738 4468 852 4530 apparet,
869 4462 963 4513 librarii
983 4480 1076 4515 versum
1093 4464 1199 4529 primum
1217 4480 1267 4517 om·

121 4541 191 4593 mbas
207 4544 283 4594 modis
299 4547 434 4594 tentarunt.
