3192 5325
911 509 973 576 158

232 776 234 779 Ι
366 692 490 756 πάντων
511 689 665 762 θδεθοντες
686 697 744 754 τῶν
762 691 989 769 βκοονιςηρίιον
1002 686 1503 772 bertrandae&dimembrati
1563 689 1564 754 Τ

367 797 419 861 τθν
438 797 597 874 νομοθέτην
618 797 635 871 ἢ
653 797 785 876 <betacei
806 820 836 860 τι
857 803 915 861 τῶν
936 796 1106 873 dealiter,
1127 795 1277 873 οὐδέτεοθν
1294 819 1324 859 τι
1349 794 1503 866 ὑπέμειναν

293 905 296 911 ’
368 903 486 986 retain,
511 901 585 966 ἁλλ’
610 901 675 966 οὐδὲ
700 903 891 967 κολακεῦσαί
911 925 985 966 ποτε
1007 902 1075 970 τοὺς
1097 900 1301 978 αἰκιζομένους
1324 900 1502 979 diurpanei.

414 1008 485 1074 Hos
513 1008 603 1072 inter
633 1009 685 1073 vel
710 1009 799 1074 inter
824 1009 909 1074 tales
933 1009 1085 1073 homines
1107 1011 1197 1073 certo
1220 1007 1411 1089 quaerimus
1434 1024 1504 1071 eum

367 1114 424 1194 qui
456 1114 590 1195 scripsit
621 1115 719 1180 Rom.
750 1117 785 1197 9,
821 1115 949 1195 1-163
984 1115 1126 1180 27-29.
1159 1113 1343 1194 Postquam
1365 1112 1505 1177 homiues
1564 1183 1565 1186 Ἴ

366 1219 493 1284 frustra
522 1237 584 1285 nec
611 1221 702 1285 vitae
724 1223 940 1301 pepercerant
963 1237 1024 1285 nec
1045 1236 1138 1285 sacro
1161 1219 1337 1299 thesauro,
1363 1220 1402 1282 ut
1423 1217 1504 1282 liber·
1564 1201 1565 1214 ¹

367 1326 476 1388 tatem
507 1328 757 1408 recuperarent,
784 1323 965 1398 Ἰουδαίους,
988 1325 1153 1406 Josaphus
1176 1325 1244 1400 ait,
1270 1323 1377 1386 ἐλύπει
1401 1323 1455 1397 μὲν
1476 1322 1504 1384 τὸ

367 1429 461 1500 πάθος
495 1435 552 1492 τῶν
582 1433 682 1507 Φίλων
714 1421 740 1492 οἳ
771 1431 801 1492 ἐν
833 1428 907 1508 τῇδε
938 1426 1046 1493 ἔπεσον
1070 1437 1108 1510 τῇ
1134 1425 1244 1508 μάχη,
1270 1429 1376 1492 ἐλύπει
1407 1428 1437 1493 δὲ
1460 1427 1504 1490 cal

367 1541 425 1597 τῶν
455 1532 663 1609 ἀναθημάτων
695 1536 712 1609 ἡ
744 1535 920 1614 walperto.
959 1536 1056 1602 Vidit
1075 1537 1193 1601 urbem
1218 1537 1381 1614 sanguine
1402 1534 1507 1619 1611111·

367 1641 506 1706 dantem
536 1641 593 1722 qui
624 1641 759 1721 scripsit
789 1643 886 1707 Rom.
917 1642 955 1723 9,
991 1645 1030 1707 2:
1055 1640 1139 1712 λύπη
1164 1664 1213 1717 μοι
1239 1637 1284 1708 ἔςι
1310 1640 1438 1717 μεγάλη
1460 1637 1506 1701 uel

368 1741 569 1817 ἀδιάλειπτος
594 1745 680 1819 ὀδύνη
706 1755 743 1823 τῇ
768 1747 880 1828 καρδίᾳ
905 1770 963 1820 μου
988 1764 1092 1828 eoque
1115 1747 1221 1813 maior
1243 1747 1333 1812 dolor
1356 1744 1508 1826 estquod
1565 1763 1566 1830 ι

367 1853 475 1917 sentit
504 1852 632 1917 frustra
662 1852 730 1916 fore
754 1869 890 1917 omnem
913 1852 1149 1917 rebellantium
1170 1853 1326 1917 furorem.
1353 1853 1453 1917 Videt
1474 1853 1509 1914 ut

369 1957 510 2038 populus
540 1974 679 2037 pessum
708 1960 773 2033 eat,
809 1975 869 2023 nec
900 1959 1009 2037 magis
1040 1975 1142 2038 quam
1165 1960 1297 2023 veteres
1321 1957 1507 2038 prophetae,

366 2064 492 2128 bonum
515 2065 677 2128 eventum
700 2067 902 2147 auguratur,
926 2079 1027 2144 ouem
1049 2080 1092 2128 ne
1115 2063 1209 2143 cupit
1233 2063 1367 2143 quidem
1389 2062 1508 2142 videre,

371 2187 451 2234 nam
469 2169 565 2249 longe
584 2187 685 2250 supra
704 2171 843 2236 liberam
863 2171 1039 2236 civitatem
1059 2169 1162 2234 altius
1183 2169 1348 2250 quoddam
1368 2167 1510 2248 estquod

370 2275 473 2341 lsrael
503 2276 611 2341 tutari
634 2276 741 2341 debet.
772 2277 836 2342 Est
859 2279 996 2358 patrum
1019 2275 1132 2354 religio
1155 2292 1199 2340 ex
1222 2293 1288 2356 qua
1311 2275 1424 2340 omnia
1445 2290 1511 2354 pen-

370 2383 463 2447 dent.
495 2382 592 2446 Hanc
620 2383 661 2445 ut
691 2381 862 2462 defendat,
888 2381 980 2446 omni
1004 2383 1154 2461 tempore
1177 2384 1315 2461 paratus
1339 2383 1393 2446 661
1415 2381 1511 2444 extre-
1566 2399 1567 2466 ι

372 2506 468 2553 mum
491 2488 669 2552 discrimen
689 2486 793 2552 adise:
819 2486 962 2565 ηὐχόμην
985 2487 1129 2560 ἀνάθεμα
1154 2482 1230 2550 εἷνοιι
1257 2485 1350 2557 αὐτὸς
1372 2486 1432 2562 ἐγὼ
1447 2482 1510 2558 ὑπὲρ
1566 2505 1567 2512 “

372 2599 430 2658 πῶν
463 2593 607 2669 alendae
631 2615 708 2669 μου,
732 2593 895 2658 nimirum
918 2610 977 2676 pro
1000 2593 1065 2658 illis
1087 2593 1265 2676 israelitis,
1291 2609 1375 2674 quos
1398 2590 1509 2671 diligit,

253 2698 258 2709 ’
373 2698 411 2764 ὧν
443 2704 458 2774 ἡ
492 2700 624 2763 victorie
649 2699 700 2761 ιιοοὶ
726 2701 742 2771 ἡ
766 2698 842 2775 atta
865 2703 928 2766 661.
965 2700 1099 2766 Veteris
1123 2701 1302 2781 prophetae
1324 2699 1449 2781 instar,
1472 2697 1511 2759 vi·

372 2808 430 2871 161
462 2805 621 2888 populum
653 2820 755 2869 suum
782 2809 992 2886 prostratum
1022 2806 1150 2870 viribus
1182 2805 1316 2887 fractis,
1351 2806 1409 2870 sed
1439 2803 1512 2869 fides

373 2929 585 2994 nequaquam
608 2910 822 2991 sollicitatm,
848 2928 929 2977 nam
952 2910 1099 2976 cladibus
1122 2910 1279 2991 quamvis
1303 2912 1435 2989 magnis
1453 2926 1512 2973 non

333 3032 336 3036 ·
373 3018 532 3083 interitus
561 3015 785 3098 portenditur,
817 3017 875 3081 sed
906 3016 1186 3097 quemadmodum
1215 3033 1337 3081 aurum
1369 3016 1446 3095 igne
1466 3031 1513 3095 pu·
1567 3024 1568 3039 ¹

373 3125 536 3206 n'fioatur,
562 3123 664 3188 Israel
689 3124 838 3201 emerget
858 3121 1034 3202 aliquando
1058 3120 1173 3186 fortior
1200 3125 1236 3186 et
1259 3120 1440 3202 pulchrior,
1464 3120 1513 3185 eti·

373 3231 461 3296 amsi
491 3245 653 3294 numerus
682 3228 887 3294 imminutus
910 3225 1021 3291 ruerit.
1060 3228 1134 3304 οὐχ
1158 3220 1214 3289 οἷον
1239 3226 1268 3289 δὲ
1293 3224 1339 3289 ὅτι
1367 3226 1435 3310 (166
1457 3241 1515 3290 non

373 3336 423 3400 ita
446 3336 638 3415 comparata
662 3340 731 3413 est,
757 3333 941 3398 secundum
964 3332 1202 3417 Fritzschium)
1224 3333 1421 3396 ἐκπέπτωκεν
1441 3327 1514 3395 111-

374 3463 442 3518 γοι.
478 3438 577 3504 Haud
605 3441 694 3502 certe
724 3455 886 3518 umquam
914 3437 1004 3502 Deus
1036 3438 1201 3518 pollicitus
1224 3438 1351 3522 iuerat,
1378 3437 1516 3519 61696161

375 3545 530 3611 Abrahae
560 3545 712 3624 posteros
743 3547 964 3623 perventuros
995 3560 1069 3608 esse
1101 3543 1144 3609 ad
1174 3544 1208 3608 id
1240 3543 1328 3624 quod
1352 3558 1515 3610 summum

374 3653 475 3715 66661.
508 3645 595 3713 Sunt
628 3647 671 3711 τθι
702 3649 795 3711 rixae
827 3656 882 3721 τῆς
913 3648 1131 3732 ἐπαγγελίας,
1167 3645 1216 3711 ive
1249 3648 1366 3722 ›irrer’
1394 3649 1514 3725 ἐκλογὴν

375 3754 510 3832 πρόθεσις
535 3758 588 3816 ποῦ
612 3754 676 3816 θεοῦ
702 3752 787 3832 alva.
814 3755 906 3819 Haec
929 3754 1033 3819 electio
1056 3756 1110 3820 661
1132 3755 1229 3820 cuius
1249 3756 1401 3821 habenda
1421 3753 1514 3821 ratio:

375 3860 410 3924 hi
441 3862 522 3925 sunt
550 3858 719 3924 israelitae
753 3859 850 3923 electi.
883 3858 943 3923 Dei
974 3859 1151 3925 consilium
1173 3860 1332 3926 electione
1356 3863 1514 3926 censetur.

375 3963 526 4029 Deterior
544 3962 672 4028 meliori
689 3962 867 4028 ancillatur
884 3966 921 4028 et
940 3964 1120 4029 subservit.
1137 3963 1234 4029 Alter
1254 3965 1431 4046 accipitur,
1445 3965 1515 4028 dum

375 4068 524 4150 rejicitur
553 4068 645 4133 alter.
670 4067 745 4132 Non
768 4084 909 4133 numero
932 4068 1136 4133 ludaeorum
1160 4070 1323 4135 confidere
1346 4070 1514 4145 debemus,

376 4191 458 4239 narn
481 4190 549 4239 non
572 4173 638 4239 nisi
661 4173 695 4236 τὸ
720 4173 902 4249 ὑπόλειμμα
929 4173 1109 4244 σωθήσεται.
1134 4175 1188 4241 116
1211 4175 1388 4241 nobiscum
1411 4177 1516 4241 aetum

378 4283 432 4343 est
461 4281 542 4343 ante
569 4282 701 4360 septem
731 4268 879 4360 saecula;
909 4279 959 4345 ita
980 4279 1093 4359 agitur
1114 4283 1150 4345 et
1174 4283 1293 4361 agetur
1316 4272 1515 4362 perpetual·

417 4520 442 4579 l)
465 4520 502 4567 Ad
519 4519 579 4569 hene
596 4520 673 4570 lucem
690 4536 752 4570 nunc
769 4519 850 4569 licebit
867 4520 947 4570 ridere
964 4538 994 4571 en
1011 4524 1104 4572 textum
1122 4521 1147 4571 in
1165 4521 1288 4584 integrum
1306 4518 1435 4569 restituere
1451 4514 1513 4584 porei·
