3192 5325
889 547 933 611 60

337 727 426 793 citur
457 727 670 808 pneumatice
694 729 893 793 documento
919 729 969 811 12,
997 729 1033 809 4;
1059 725 1220 812 7-111).
1244 729 1295 795 Ne
1319 729 1395 811 quis
1418 730 1492 795 r'em

336 833 399 898 sibi
425 833 591 916 vindicet,
618 834 816 917 exponitur,
842 851 927 915 quae
950 835 1020 899 sint
1043 833 1220 907 πνεύμασιν
1241 835 1434 915 χαρίσματα
1454 839 1493 900 01

336 937 549 1014 ἐνεργήματα.
581 941 628 1005 ΕΟ
660 940 852 1005 referuntur
882 939 956 1017 γένη
982 946 1130 1017 γλωσσῶν
1155 942 1205 1018 (cf.
1236 943 1285 1024 12,
1314 942 1388 1027 28),
1414 945 1492 1023 post

335 1060 420 1124 quae
444 1046 546 1110 rerba
570 1048 659 1110 certo
683 1046 808 1111 certius
832 1047 971 1111 delenda
994 1050 1077 1112 sunt
1096 1064 1152 1127 ea,
1174 1049 1309 1129 quaein
1323 1048 1492 1113 Vaticano

336 1148 454 1216 Codice
477 1169 545 1216 non
567 1155 780 1232 comparent:
805 1148 893 1229 ιἰιιαῳ
920 1151 950 1216 δὲ
975 1152 1119 1231 ἑρμηνεία
1144 1159 1301 1230 γλωσσῶν.

384 1255 546 1322 Notabilis
573 1275 657 1323 usus
679 1259 812 1323 numeri
831 1250 969 1340 pluralis
993 1258 1198 1342 (χαρίσματα
1223 1258 1379 1343 ίαμσίτων,
1401 1263 1490 1342 cet),

334 1361 364 1425 si
396 1362 531 1442 quidem
562 1365 652 1428 recte
680 1364 730 1428 ita
754 1365 927 1446 scribitur,
954 1366 1102 1430 ostendit
1124 1366 1269 1445 cogitare
1291 1367 1493 1447 scriptorem

333 1468 446 1534 varias
465 1470 655 1536 occasiones
673 1472 795 1551 quibus
807 1470 997 1550 χαρίσματα
1012 1489 1077 1537 usu
1090 1472 1234 1537 veniunt
1244 1474 1279 1537 et
1291 1470 1366 1548 γένη
1381 1487 1491 1547 γλωσ-

334 1578 391 1637 σῶν
420 1575 538 1656 plurali
569 1593 709 1641 numero
731 1576 919 1643 luculenter
940 1579 1106 1659 indicant,
1132 1594 1232 1643 nosse
1256 1581 1492 1659 pneumaticus

330 1681 462 1760 ,multas
492 1681 696 1760 glossolaliee
716 1684 868 1767 species,
903 1684 1053 1765 Denique
1081 1685 1236 1750 videmus
1254 1685 1491 1765 pneumaticos

334 1786 474 1850 minime
498 1787 652 1852 dubitare
670 1788 709 1852 de
725 1806 846 1868 magno
865 1788 1069 1868 glossolaliae
1087 1790 1211 1871 010110,
1232 1807 1318 1870 quae
1335 1807 1414 1855 vere
1436 1794 1492 1856 est

333 1892 503 1970 φανέρωσις
525 1895 578 1955 ταῦ
599 1895 776 1970 πνεύματα
794 1895 1489 1976 necconsideraturadtempusessedata.

378 1998 497 2079 Itaque
520 1999 705 2065 secundum
732 2003 747 2064 1
775 2001 848 2067 Cor.
877 2002 927 2084 12,
954 2001 991 2082 4;
1018 2001 1145 2084 7-11,
1173 2006 1226 2067 est
1249 1990 1459 2082 glossulana:

426 2122 458 2169 α.
496 2102 642 2183 Χαρισμα
678 2107 765 2187 quod
801 2107 917 2171 eodem
948 2106 1017 2172 loco
1052 2107 1241 2172 habendum
1278 2125 1342 2188 quo
1376 2112 1492 2174 cetera

1212 2211 1413 2293 [χαρίσματα
1429 2213 1467 2298 ²).

428 2319 456 2382 b.
492 2315 662 2396 Φανέρωσις
686 2320 740 2381 τσῦ
765 2315 953 2394 πνεύματος.

425 2441 451 2488 α.
490 2423 566 2488 Non
590 2424 730 2490 desinet.

417 2529 450 2593 d.
486 2529 645 2594 Nondum
668 2531 799 2610 flagitat
823 2528 993 2607 ἑρμηνείαν.

379 2634 502 2700 Contra
523 2635 667 2716 legimus
689 2655 712 2701 a
734 2637 784 2720 12,
810 2636 850 2702 31
873 2652 947 2703 esse
969 2635 1159 2717 χαρίσματα
1180 2635 1324 2717 μείζονα,
1344 2657 1493 2721 quorum

333 2741 518 2820 glossulalia
530 2759 597 2807 non
609 2745 664 2807 est
679 2744 715 2807 et
735 2744 823 2807 b'vs.
847 2744 952 2819 14,17
975 2743 1197 2824 glossolaliam
1216 2764 1284 2811 non
1295 2746 1488 2831 aedificare,

334 2864 412 2911 curn
438 2848 488 2927 14,
515 2846 557 2911 26
582 2848 695 2912 omnia
718 2848 759 2912 ad
784 2849 1048 2914 aedificationem
1072 2850 1308 2916 fleridebeant.
1326 2851 1491 2930 Legimus

331 2953 432 3034 013,
465 2954 486 3017 8
526 2952 748 3033 glossolaliam
776 2956 987 3020 cessaturam
1017 2973 1092 3021 esse
1126 2960 1161 3021 et
1196 2957 1220 3020 d
1257 2959 1315 3041 12,
1348 2958 1408 3041 30,
1446 2962 1492 3024 ut

338 3138 509 3146 -—-—

367 3249 394 3314 1)
421 3248 535 3313 Pericepe
560 3265 620 3313 quse
645 3252 681 3298 est
705 3249 761 3297 inde
782 3249 811 3299 eh
834 3250 874 3308 12,
897 3253 913 3300 4
938 3266 1010 3315 usqne
1033 3252 1063 3301 ad
1081 3252 1232 3301 undecimum
1248 3251 1405 3307 versiculum.
1424 3250 1488 3299 olim

331 3345 440 3379 seorsum
463 3331 524 3380 lecta
545 3332 600 3381 tuit.
625 3332 682 3380 Post
701 3348 745 3381 vss.
765 3333 841 3389 1-3.
862 3333 947 3397 quibus
964 3333 1071 3383 semibus
1090 3334 1167 3383 tribus
1183 3334 1261 3383 verbis
1275 3335 1394 3383 indicatur
1410 3348 1488 3397 qnam

332 3416 398 3461 arcta
415 3413 446 3461 sit
463 3413 609 3462 necessitudo
626 3414 691 3462 inter
710 3415 808 3478 eosqui
825 3416 924 3475 πνεῦμα
941 3414 1056 3473 habeant,
1075 3420 1099 3465 et
1114 3432 1153 3464 ecs
1170 3416 1211 3479 qui
1228 3416 1313 3465 Jesum
1326 3416 1486 3479 agnoverint,

331 3495 431 3543 minime
453 3499 614 3560 exspectamus
638 3497 844 3547 enumerationem
866 3496 965 3545 illorum
988 3496 1168 3559 χαρισμάτων,
1191 3514 1234 3546 1100
1260 3498 1334 3561 msgis
1353 3498 1488 3547 cohaerent

332 3593 392 3641 quae
409 3580 463 3641 post
480 3593 575 3627 versum
593 3579 622 3625 ll
641 3580 773 3629 afferuntur
790 3580 819 3627 de
836 3579 1013 3644 comparatione
1031 3580 1120 3628 Christi
1139 3596 1309 3645 cumcorpore.
1328 3580 1398 3645 Quod
1412 3580 1485 3629 nullo

331 3659 427 3723 negotio
452 3664 564 3724 apparet,
589 3676 634 3708 vss.
662 3663 676 3709 t
700 3669 724 3709 et
747 3661 762 3708 6
782 3662 932 3710 Christianus
948 3661 1045 3726 quidam
1063 3662 1230 3727 interpolavit,
1252 3678 1327 3727 neque
1345 3662 1394 3711 ulla
1411 3678 1487 3713 causa

331 3746 384 3790 erat
409 3757 452 3790 cur
478 3741 518 3790 hic
543 3742 722 3806 attingerentur
748 3740 879 3803 διαιρέσεις
905 3742 1028 3792 διακονιῶν
1053 3745 1090 3793 vel
1114 3741 1287 3807 ἐνεργημάτων
1304 3760 1337 3793 vs.
1357 3747 1396 3803 10,
1415 3748 1485 3809 quod

332 3824 405 3873 etiam
427 3824 503 3888 magis
526 3824 631 3874 alienum
654 3830 697 3873 est.
723 3827 816 3889 Nempe
838 3828 902 3890 quod
926 3843 959 3876 vs.
978 3830 1007 3885 4;
1026 3828 1108 3881 7-11
1126 3829 1248 3893 perspicue
1266 3828 1392 3877 admodum
1409 3831 1434 3876 01
1454 3829 1486 3877 de

331 3906 449 3955 industria
475 3907 593 3956 tribuitur
616 3907 661 3957 soli
685 3905 827 3967 Πνενίματι.
854 3908 879 3957 id
901 3910 1028 3958 voluerunt
1053 3909 1195 3959 distribuere
1218 3911 1391 3975 quodammodo
1414 3909 1485 3959 inter

332 3988 382 4037 θεὸν
400 3992 424 4037 01
441 3986 520 4050 ιιιίρισν
538 3992 562 4037 01
580 3991 692 4056 πνεῦμα,
709 3989 800 4039 scilicet
817 3994 844 4039 nt
861 3990 927 4040 color
947 3992 1045 4055 quidam
1064 3992 1215 4042 Christianus
1232 3998 1348 4043 oreretur.
1371 3992 1485 4041 Collatus

250 4086 252 4090 ·
332 4071 397 4119 locus
422 4071 477 4119 Gal·
502 4074 524 4130 5,
548 4072 580 4121 22
603 4087 653 4135 sqq.
678 4071 784 4128 docebit,
807 4072 870 4121 hunc
895 4072 973 4122 locum
991 4089 1061 4137 quern
1079 4090 1141 4123 nnnc
1157 4078 1287 4123 tractamus
1303 4072 1482 4137 pneumaticum

332 4152 449 4216 originem
466 4154 560 4203 habere.
590 4153 670 4202 Etiam
694 4154 746 4202 Gal.
773 4156 795 4213 5,
815 4155 848 4203 22
865 4153 935 4211 τίςιρ
953 4159 988 4203 cst
1006 4156 1098 4215 καρπὸς
1115 4157 1161 4203 τοῦ
1179 4153 1334 4215 πνεύματος,
1351 4156 1391 4207 sed
1408 4155 1484 4220 longe

331 4235 423 4283 diversa
440 4234 510 4292 τίςις
529 4240 570 4284 est.
595 4235 651 4284 Illic
668 4235 769 4285 habetur
786 4237 869 4285 eodem
887 4236 938 4285 1000
956 4253 1004 4301 quo
1019 4226 1107 4286 lenitas
1124 4252 1218 4287 morum
1235 4254 1263 4286 sc
1279 4238 1393 4295 facilitas,
1412 4252 1484 4287 man-

331 4318 443 4375 suetudo,
467 4318 527 4366 aliae
550 4317 652 4367 virtutes
676 4318 799 4367 eiusmodi.
824 4319 884 4377 ,Sed
901 4318 971 4376 σίςις
991 4321 1003 4367 l
1024 4320 1079 4368 Cor.
1098 4320 1144 4378 12,
1165 4321 1279 4370 90010111
1296 4321 1348 4370 1000
1365 4324 1412 4378 001,
1430 4335 1483 4383 quo

331 4398 481 4464 operationes
499 4399 678 4449 miraculorum.
1301 4420 1302 4423 ¹

364 4482 390 4539 2)
407 4480 531 4529 Eteodern
546 4482 617 4529 modo
636 4482 675 4541 12,
693 4482 807 4539 ree-30,
823 4480 938 4544 11111γένη
953 4486 1077 4545 γλωσσῶν
1093 4483 1122 4533 ab
1137 4483 1481 4553 Deoinstitutnsuntpariter

330 4564 401 4627 atqua
419 4562 512 4627 reliqua
528 4578 629 4613 munera
645 4562 810 4612 ecclesiastica.
