3192 5325
633 541 695 606 201

92 737 159 786 esse
182 724 344 804 comperit
367 722 452 794 τινὰς
477 721 638 799 μαθητάς,
660 723 716 804 qui
736 723 934 803 interrogati
954 723 979 787 εἱ
1000 725 1126 800 πνεῦμα
1149 719 1237 801 ἅγιον

92 826 238 903 ἐλάβετε,
262 830 406 908 ingenue
429 831 648 912 respondent:
674 827 748 892 ἀλλ’
771 828 837 892 οὐδὲ
863 829 887 890 εἰ
913 834 1037 905 πνεῦμα
1062 825 1154 908 ἅγιον
1174 829 1234 898 istc

91 931 269 1009 ἠκούσαμεν.
300 935 426 1002 Deinde
449 937 573 1010 iterum
593 935 804 1015 interrogati:
826 936 868 1007 εἷς
891 936 922 1000 τί
943 930 990 998 οὖν
1011 935 1235 1015 ἐβαπτίσθητε,

90 1039 283 1133 profitentur
299 1041 489 1124 baptizatos
514 1058 550 1107 se
573 1058 648 1108 esse
673 1041 714 1110 εἰς
739 1042 772 1104 τὸ
798 1041 935 1106 ’lodoveo
947 1040 1132 1120 βάπτισμα.
1159 1045 1237 1111 Mox

90 1134 211 1212 Paulus
233 1164 290 1212 eos
313 1148 463 1228 baptizat
486 1151 528 1219 εἰς
549 1146 583 1210 τὸ
603 1145 699 1222 ὄνομα
719 1151 772 1210 τοῦ
795 1147 896 1226 κυρίου
915 1134 1023 1226 Ἰησοῦ,
1043 1167 1108 1231 quo
1129 1151 1235 1234 facte,

91 1252 171 1330 quod
206 1252 370 1334 imprimis
401 1255 591 1321 attentione
615 1255 753 1334 dignum
777 1258 848 1338 est,
874 1252 1025 1327 ἐπιθέντος
1051 1257 1155 1325 αὐτοῖς
1181 1261 1234 1320 τοῦ

92 1355 213 1420 Παύλου
242 1365 370 1441 χεῖρας,
403 1356 475 1433 ἦλθε
500 1361 534 1423 τὸ
559 1364 685 1436 πνεῦμα
709 1360 744 1423 τὸ
769 1355 858 1435 ἅγιον
883 1360 931 1424 ἐπ’
956 1361 1235 1431 11111111ᾶὶεοί-

91 1464 156 1542 puli
184 1465 231 1530 illi
260 1467 418 1531 muninus
448 1466 614 1547 incipiunt
646 1473 756 1530 teatin
792 1490 828 1530 τε
862 1467 1019 1544 γλώσσαις
1045 1467 1096 1532 καὶ
1122 1473 1236 1546 προφη-

91 1568 190 1633 τεύειν.
228 1565 300 1637 Hos
331 1576 420 1637 certe
447 1574 536 1638 locos
559 1572 753 1652 vulgaribus
775 1574 1060 1655 interpretationis
1083 1574 1235 1640 artificiis

91 1693 271 1758 numquam
294 1678 459 1758 expedies.

132 1777 193 1847 Sed
223 1799 266 1847 ex
297 1787 466 1864 postremo
496 1783 565 1851 loco
588 1785 741 1869 efficitur,
767 1785 929 1866 Apostoli)
955 1787 1143 1852 Christiano
1167 1803 1234 1850 non

93 1889 170 1953 satis
191 1889 296 1954 videri
320 1891 544 1972 baptismum,
570 1909 634 1972 quo
658 1894 818 1974 professio
841 1893 936 1958 lieret
955 1892 1180 1974 poenitentiae
1199 1893 1235 1955 et

92 1994 223 2059 virtutis
262 1998 298 2059 et
333 1994 462 2070 ἁγνείαις
499 1995 641 2073 σώματος
677 1998 728 2060 καὶ
765 2005 873 2076 ψυχῆς
910 1999 1023 2079 itaque
1058 1981 1236 2077 discipulos

92 2099 209 2164 iterum
243 2101 409 2185 baptizat,
446 2106 482 2168 et
515 2103 650 2184 quidem
684 2106 727 2170 ad
761 2105 844 2170 Jesu
877 2103 1132 2185 professionem,
1169 2119 1234 2182 quo

91 2204 172 2270 facto
191 2210 321 2282 unsina
340 2208 519 2289 accipiunt.
544 2209 636 2290 Quod
651 2211 755 2288 igitur
766 2209 866 2288 vulgo
878 2210 1032 2288 traditur,
1047 2207 1235 2273 Johannem

91 2309 165 2375 Jesu
199 2313 292 2377 viam
326 2314 595 2397 praeparavisse,
629 2315 662 2379 id
694 2318 816 2395 postea·
843 2315 980 2379 demum
1003 2313 1233 2391 excogitatum

91 2418 148 2480 est.
185 2417 353 2497 Quomodo
387 2419 429 2483 iis
457 2420 681 2501 temporibus,
716 2420 756 2484 de
787 2421 908 2500 quibus
931 2420 967 2484 in
990 2418 1088 2483 Actis
1111 2418 1232 2498 agitur,

91 2520 155 2587 fieri
186 2525 352 2605 potuisset
383 2528 424 2591 ut
457 2526 620 2591 iohannis
655 2525 808 2608 discipuli
830 2525 1077 2604 ignoravissent
1099 2527 1234 2590 essetne

93 2624 230 2708 Spiritus
254 2626 398 2697 Sanctus
421 2649 542 2715 necne,
569 2633 598 2698 si
621 2632 780 2711 Magister
804 2633 844 2697 de
867 2631 1000 2697 Christo
1018 2632 1091 2713 jam
1110 2647 1149 2695 ea
1167 2648 1234 2697 om-

93 2734 144 2798 nia
175 2737 417 2821 praedicasset,
452 2756 536 2819 quae
568 2757 658 2804 nunc
689 2740 725 2803 in
754 2738 945 2817 Evangeliis
975 2736 1117 2815 legimus
1131 2733 1166 2818 1).
1199 2736 1234 2801 Si

92 2838 254 2907 lohannes
277 2842 363 2923 vidit
387 2844 549 2925 Spiritum
576 2845 834 2910 descendentem
864 2860 964 2924 super
994 2844 1127 2921 lesum,
1160 2858 1235 2922 quo·

92 2947 182 3011 modo
204 2947 275 3011 fieri
298 2948 410 3028 potuit
432 2953 472 3014 ut
495 2949 647 3031 discipuli
670 2949 787 3015 multis
811 2948 911 3013 annis
935 2951 1011 3029 post
1035 2946 1180 3026 Spiritus
1202 2945 1235 3009 il·

92 3050 152 3115 lius
174 3069 296 3117 nomen
319 3054 467 3134 primum
491 3055 669 3121 audirent?

133 3157 313 3237 Postquam
338 3158 529 3224 Christiana
552 3160 711 3242 Ecclesia,
737 3160 879 3225 dicimus
903 3162 1020 3225 autem
1043 3157 1232 3237 antiquissi-

92 3278 178 3326 mam
199 3261 404 3327 Catholicam
427 3264 518 3329 illam
538 3283 622 3345 quae
642 3265 790 3346 primum
812 3269 910 3331 enata
923 3267 992 3347 est,
1007 3280 1073 3343 quo
1085 3266 1234 3342 tempore

91 3366 235 3433 diversae
255 3371 365 3432 sectae
386 3368 422 3432 in
444 3387 553 3434 unum
575 3369 786 3451 coaluerunt,
813 3376 991 3451 postquam
1012 3369 1114 3447 igitur
1127 3367 1234 3433 Chris·

92 3472 179 3537 tiana
197 3472 341 3537 Ecclesia
361 3474 571 3555 baptismum
590 3475 730 3557 recepit,
753 3474 953 3553 significatio
973 3474 1098 3540 mutari
1110 3472 1233 3537 debuit.

91 3578 160 3642 Non
189 3581 322 3657 poterat
352 3596 489 3645 manere
521 3581 711 3661 baptismus
742 3582 928 3663 μετανοίας,
956 3599 1052 3663 nam,
1079 3580 1165 3660 quod
1188 3578 1234 3643 vi·

91 3682 207 3765 dimus,
233 3684 445 3750 Pneumatici
468 3686 711 3766 poenitentiam
736 3704 804 3751 non
824 3688 1027 3767 agnoscunt,
1048 3701 1109 3749 nec
1127 3684 1235 3762 magis

90 3786 134 3851 illi
151 3789 205 3869 qui
225 3790 327 3855 Verbi
348 3792 536 3856 doctrinam
550 3791 763 3857 strictissime
776 3792 1044 3872 interpretantur
1058 3788 1091 3866 ²).
1117 3789 1235 3869 Itaque

123 4052 149 4116 1)
166 4053 224 4103 Vide
240 4055 359 4119 imprimis
376 4053 433 4102 Joh.
451 4056 475 4112 1,
492 4053 537 4103 el:
556 4054 595 4102 ἵνα
614 4054 736 4118 φανερωθῇ
752 4054 777 4119 (0‘
793 4055 901 4119 Ἰησοῦς)
916 4058 951 4115 τῷ
967 4050 1082 4112 Ἰσραήλ,
1098 4050 1139 4099 διὰ
1153 4054 1232 4100 τοῦτο

93 4129 157 4187 ἦλθον
181 4132 231 4197 ἐγὼ
251 4132 275 4184 ἐν
293 4140 329 4196 τῷ
349 4132 423 4182 ὕδατι
443 4134 584 4199 βαπτῖζων.
604 4138 672 4201 Quod
692 4137 763 4185 toties
780 4137 868 4193 iteret,
887 4138 952 4185 certo
970 4134 1058 4183 certius
1077 4149 1101 4181 11
1119 4149 1166 4181 non
1184 4148 1233 4181 esse

93 4214 218 4276 Christum,
245 4214 326 4281 arguit
352 4232 424 4280 quam
452 4218 611 4267 necessarium
634 4218 748 4283 scriptori
772 4217 850 4266 visum
874 4217 918 4275 sit,
942 4220 1023 4279 tegere
1041 4218 1065 4263 et
1082 4213 1231 4263 dissimulare

92 4297 237 4348 dissensiones
258 4314 319 4363 quae
342 4298 400 4347 olim
423 4300 526 4349 fuerant.
554 4300 718 4359 contenditis,
737 4298 818 4363 inquit
835 4298 874 4347 vel
891 4299 971 4347 innuit
989 4299 1080 4363 polius,
1097 4297 1233 4346 iohannem

93 4394 140 4429 eum
160 4396 208 4430 1111
225 4397 297 4445 quem
315 4382 399 4429 Patres
416 4381 591 4443 praedixissent
610 4396 711 4445 eumque
729 4380 880 4445 praeclarum
896 4379 960 4429 inter
979 4394 1060 4429 omnes
1077 4378 1231 4443 prophetem,

92 4476 154 4523 quem
168 4462 243 4511 lsrael
256 4465 418 4525 exspectaret,
435 4464 476 4511 sed
493 4462 540 4526 ipsi
550 4462 567 4510 J
568 4462 656 4511 chunni
664 4462 744 4526 potius
754 4461 902 4519 auscultate,
914 4461 956 4525 qui
964 4459 1114 4509 eontrarium
1123 4460 1235 4509 affirmet.

119 4544 144 4606 2)
172 4544 231 4592 Vide
255 4543 374 4609 imprimis
389 4560 440 4607 cap
461 4544 484 4594 7.
510 4544 547 4591 Vs.
566 4542 763 4591 sancimusrtv
780 4542 952 4603 πνευματικὸν
970 4540 1075 4603 Λόγον,
1094 4539 1115 4588 11
1133 4539 1228 4608 quidem
