3192 5325
902 555 966 622 202

358 744 469 810 factus
490 745 544 807 est
566 741 755 824 baptismus
778 741 821 811 εἰς
845 737 879 804 ri
903 737 1014 821 ὄνομα,
1041 757 1108 804 non
1131 737 1314 802 institutus
1337 699 1485 800 1111111111-

358 867 419 916 nes
453 849 593 914 virtutis
627 848 805 930 participes
840 849 977 928 flerent,
1010 845 1067 911 sed
1097 862 1162 926 quo
1195 842 1430 924 profitebantur
1459 857 1489 905 se

357 973 433 1022 eam
453 957 525 1038 jam
547 972 623 1021 esse
646 955 795 1036 adeptos

403 1063 492 1127 Hinc
511 1061 631 1126 accidit
651 1063 691 1126 ut
711 1078 789 1126 cum
801 1059 928 1126 aliiloci
942 1064 1019 1126 tum
1031 1059 1178 1126 narratio
1195 1059 1235 1124 de
1247 1057 1329 1122 Jesu
1340 1053 1488 1136 baptismo

369 1162 464 1234 aliter
486 1168 695 1234 toleraretur.
732 1167 905 1250 Synoptici
936 1165 1186 1248 simplicissima
1209 1164 1338 1230 ratione
1362 1161 1489 1227 alterum

358 1276 548 1341 animorum
571 1277 703 1339 motum
726 1272 925 1339 collocarent
944 1273 1045 1355 Juxta
1068 1272 1221 1338 alterum.
1248 1269 1405 1334 Decessor
1424 1269 1489 1346 bap·

358 1381 481 1447 tizarat
503 1396 729 1445 successorem
751 1382 787 1446 et
811 1378 951 1460 spiritus
973 1378 1035 1444 Dei
1057 1377 1229 1443 descendit
1248 1375 1337 1442 siout
1355 1372 1491 1439 columba

358 1491 394 1553 et
416 1487 511 1554 venit
535 1502 636 1568 super
658 1487 776 1552 iesum
800 1486 932 1563 (Matth.
958 1485 988 1567 3,
1016 1487 1077 1566 16;
1099 1484 1198 1550 Marc.
1222 1485 1249 1567 i,
1275 1483 1348 1566 10);
1368 1480 1422 1546 sed
1439 1479 1491 1542 hcc

358 1592 563 1677 pneumatici
587 1609 653 1657 non
677 1592 785 1671 magis
809 1608 942 1657 servare
966 1593 1122 1672 poterant
1143 1607 1245 1670 quam
1265 1588 1311 1653 illi
1331 1586 1387 1668 qui
1405 1581 1491 1650 Verbi

358 1698 545 1765 doctrinam
579 1696 762 1780 amplexati
793 1699 938 1763 fuerant.
975 1693 1010 1761 Si
1039 1699 1130 1761 certo
1154 1695 1315 1777 temporis
1338 1693 1491 1759 momento

359 1802 503 1886 Spiritus
526 1822 627 1885 super
649 1805 768 1872 Jesmn
793 1804 1026 1887 descenderat,
1052 1805 1125 1868 tota
1149 1801 1300 1867 doctrina
1319 1799 1490 1874 corruebat,

358 1914 435 1976 tum
464 1912 537 1977 Joh.
572 1913 603 1994 3,
634 1912 664 1995 6,
696 1915 773 1977 tum
796 1911 827 1995 3,
855 1908 924 1976 341.
948 1911 1037 1975 Hinc
1061 1911 1148 1990 quod
1173 1906 1318 1990 Spiritus
1341 1903 1492 1972 descendit

359 2018 447 2082 sicut
469 2017 637 2099 columba,
662 2035 700 2083 eo
720 2018 890 2083 detortum
909 2017 989 2098 fuit,
1012 2019 1052 2081 ut
1073 2017 1209 2096 signum
1228 2029 1302 2080 esse
1321 2012 1492 2088 haberetur,

359 2139 423 2203 quo
458 2123 628 2189 lohannes
658 2123 777 2189 Jesum
807 2125 1014 2204 upuoaccrct:
1048 2140 1143 2205 nam,
1170 2120 1255 2202 quod
1280 2120 1332 2184 bis
1354 2116 1490 2195 traditur,

359 2244 427 2294 non
455 2232 553 2294 norat
574 2245 654 2294 eum
676 2231 712 2293 et
734 2246 817 2310 opus
841 2232 915 2294 erat
939 2231 1028 2294 certo
1053 2229 1147 2307 signo
1170 2229 1271 2308 atque
1295 2225 1368 2290 ideo
1392 2223 1404 2288 1
1426 2219 1493 2296 πέμ-

359 2337 425 2409 ψας
459 2333 605 2399 dixerat:
638 2334 691 2414 ἐφ’
716 2328 746 2396 ὃν
770 2332 808 2398 ἂν
833 2332 895 2414 ἴδῃς
921 2333 955 2396 τὸ
980 2337 1104 2409 πνεῦμα
1131 2332 1326 2410 καταβαῖνον
1351 2329 1401 2393 καὶ
1422 2326 1496 2404 μένον

360 2438 411 2502 ἐπ’
442 2437 557 2515 αὐτόν,
589 2435 675 2510 οὗτός
707 2440 770 2506 isra
803 2438 817 2501 ὃ
841 2439 1005 2520 βαπτίζων
1029 2439 1059 2502 ἕν
1084 2439 1240 2515 πνεύματι
1267 2436 1358 2514 ἁγίῳ.
1395 2435 1493 2514 Neque

359 2545 414 2609 hic
434 2544 622 2611 columbam
642 2546 804 2628 conspicit
824 2546 878 2612 vel
899 2548 970 2629 ipse
989 2547 1088 2612 iesus
1108 2546 1162 2611 vel
1174 2545 1300 2626 reliqua
1312 2540 1492 2617 multitudo,

361 2649 449 2732 quod
473 2650 570 2733 plane
593 2651 715 2718 firissct
738 2652 876 2735 inutile,
902 2653 960 2719 sed
984 2653 1074 2719 solus
1098 2651 1275 2718 iohannes.

408 2756 531 2821 Contra
550 2760 591 2822 ut
611 2758 791 2825 satisfieret
813 2760 992 2826 Catholicis
1013 2759 1078 2823 illis
1099 2761 1134 2823 et
1145 2756 1392 2838 antiquissimis
1405 2752 1495 2819 Chris·

361 2861 482 2943 tianiS,
518 2863 554 2927 in
585 2863 743 2945 colloquio
775 2882 853 2929 cum
884 2862 1081 2955 Nicodem0,
1111 2864 1197 2945 quod
1220 2866 1334 2928 totum
1357 2874 1495 2943 pneuma·

362 2969 468 3034 ticum
490 2971 560 3051 est,
586 2970 746 3050 baptismi
766 2972 895 3036 mentio
918 2974 1052 3051 recepta
1070 2970 1153 3051 fuit,
1167 2986 1232 3050 quo
1245 2970 1333 3033 iacto
1345 2963 1477 3033 sentent

361 3068 1495 3157 fflmwffifflfflffloemfflfflmmwmffiffiffim

362 3179 430 3261 καὶ]
451 3179 626 3255 πνεύματα
649 3180 713 3245 xri.
738 3181 1034 3262 Interpolationom
1054 3180 1211 3245 manibus
1222 3178 1319 3261 quasi
1331 3179 1496 3257 tangimus.

362 3284 399 3348 st
422 3278 531 3354 ὕδατος
555 3286 712 3366 primitus
737 3287 827 3351 iacta
850 3286 969 3351 diisset
990 3285 1136 3368 mentm,
1162 3301 1249 3365 aqua
1267 3286 1391 3348 iterum
1409 3297 1496 3347 recur-

362 3392 453 3453 reret
483 3407 535 3454 11.
560 3392 590 3470 6,
623 3391 680 3455 sed
711 3408 751 3457 ea
784 3395 838 3457 est
872 3390 974 3473 hujus
1008 3408 1129 3455 versus
1161 3390 1263 3471 ratio,
1298 3391 1338 3453 ut
1363 3390 1407 3453 ibi
1427 3402 1498 3467 aqua

363 3510 471 3574 neque
505 3499 783 3561 commemoretur
819 3513 879 3561 neo
903 3496 1156 3561 commemorari
1179 3494 1303 3576 possit;
1328 3494 1450 3559 etenim
1465 3492 1497 3555 le-

363 3600 511 3679 geretur,
547 3600 634 3679 quod
666 3600 767 3666 nimis
798 3604 963 3667 absonum
995 3604 1065 3665 est:
1091 3599 1124 3662 τὸ
1149 3602 1211 3677 γὰρ
1237 3598 1451 3676 γεγεννημένον
1472 3596 1499 3657 ἐκ

363 3708 416 3768 τοῦ
441 3698 550 3772 ὕδατα
576 3701 649 3780 ὕδωρ
675 3705 747 3771 ἕςίν.
773 3708 925 3789 Apparet
949 3708 1057 3788 capite
1082 3706 1102 3770 3
1126 3706 1335 3788 baptismum
1359 3700 1498 3785 conjungi

363 3829 431 3877 non
455 3812 609 3877 debuisse
632 3830 710 3877 oum
733 3814 831 3878 novis
855 3830 898 3877 111
921 3813 1047 3896 Spiritu
1071 3812 1263 3892 natalibus,
1289 3818 1369 3876 nam
1392 3806 1498 3889 baptis·

363 3936 441 3983 mus
464 3922 554 3983 certo
577 3922 613 3983 et
637 3919 774 3984 delinito
797 3922 947 4000 ternpore
970 3918 1024 4002 fit,
1052 3917 1110 3983 sed
1133 3918 1262 3983 natales
1284 3916 1318 3979 ἐκ
1338 3916 1497 3989 πνεύματα

364 4040 406 4088 ex
428 4024 483 4088 illo
504 4023 656 4089 ideamm
680 4026 757 4089 orbe
777 4026 894 4089 subter
913 4024 1029 4090 lunam
1048 4024 1276 4104 detrudentur,
1297 4023 1326 4088 si
1338 4022 1500 4104 adjungere

365 4127 448 4193 velis
471 4127 505 4189 τὸ
533 4125 567 4201 ἐξ
591 4125 699 4199 ὕδατος
725 4130 918 4205 γεννηθῆναι.

366 4394 402 4443 ita
427 4392 505 4444 dicere
526 4393 561 4441 111
583 4391 786 4454 111.Φανέρωσον
806 4398 904 4455 σεαυτῷ
925 4398 960 4455 τῷ
979 4395 1080 4456 κόσμῳ,
1100 4394 1212 4457 inquiunt
1231 4393 1330 4442 fratres:
1350 4392 1398 4441 imo
1413 4406 1450 4439 vos
1465 4403 1499 4453 pc·

366 4476 426 4532 tius,
454 4474 488 4523 sic
513 4475 612 4539 superbe
636 4475 694 4524 satis
717 4476 883 4540 respondetnn
906 4472 952 4536 ἐμὲ
976 4474 1003 4524 δὲ
1022 4477 1118 4536 μισεῖ
1133 4475 1146 4523 δ
1163 4477 1256 4536 κόσμος
1273 4474 1315 4543 (cf.
1336 4476 1378 4536 15,
1395 4470 1497 4532 18-25).

367 4557 428 4612 Vide
443 4572 476 4612 vs.
497 4557 541 4620 193
558 4558 590 4612 21
609 4557 720 4610 1111111.
