3192 5325
922 567 965 635 20

372 752 590 834 temperabat.
622 752 733 818 Huius
759 752 862 832 igitur
885 753 950 818 viri
981 753 1059 819 boni
1081 752 1216 835 quidem
1237 771 1276 819 ao
1298 749 1515 833 venerabilia,

374 859 432 924 sed
454 858 511 940 qui
534 859 672 924 minime
695 861 792 923 norat
814 858 944 924 meritis
968 860 1155 940 quaesitam
1174 859 1378 944 superbiam,
1404 858 1517 924 estin·

373 964 508 1045 scriptio
542 965 703 1048 epistulae
736 981 909 1047 perperam
936 967 1115 1032 enunciata
1148 964 1200 1049 (1,
1236 968 1274 1050 1),
1308 969 1390 1032 sunt
1414 981 1517 1031 sensu

372 1071 522 1139 carentia
543 1073 645 1137 verba
669 1071 720 1134 nal
745 1075 798 1135 τοῦ
823 1072 920 1151 κυρίου
941 1074 989 1156 (1,
1007 1073 1041 1156 6)
1053 1076 1089 1137 et
1113 1065 1143 1134 ὃν
1164 1070 1281 1150 ἤγειρεν
1299 1109 1331 1119 -
1350 1069 1516 1151 ἐρχομένης

373 1181 437 1262 (us.
473 1175 552 1263 leb),
583 1177 731 1261 apologia
758 1178 898 1244 minime
924 1180 1066 1260 superba
1088 1180 1146 1245 sed
1170 1179 1284 1259 magni
1305 1178 1430 1246 amoris
1453 1176 1516 1258 ple

373 1284 514 1351 nissima
537 1283 588 1368 (2,
614 1285 699 1348 21-
717 1286 756 1368 2,
784 1286 861 1366 13⁸),
887 1285 1050 1350 disertum
1072 1285 1342 1351 additamentum
1365 1284 1404 1350 de
1434 1283 1515 1350 Jesu

371 1394 481 1463 morte
504 1390 555 1454 καὶ
580 1391 631 1454 τὸν
654 1390 799 1468 κύριον-
819 1391 980 1469 προφήτας
1004 1390 1067 1475 (vs.
1085 1391 1148 1476 15),
1174 1393 1308 1457 tenerae
1331 1391 1434 1456 nimis
1452 1393 1515 1454 'tes-

372 1497 571 1564 tificationes
601 1501 637 1563 et
666 1497 894 1580 adjurationes
924 1498 961 1582 2,
990 1498 1117 1579 17-3,
1146 1499 1203 1582 11,
1229 1513 1513 1580 supervacaneum

370 1602 450 1668 illud
473 1603 523 1667 διὰ
548 1607 601 1667 τοῦ
626 1605 724 1681 κυρίου
747 1603 846 1676 Ἰησοῦ
871 1605 920 1684 (4,
947 1606 988 1686 2),
1016 1604 1126 1669 ethica
1145 1603 1240 1669 humi
1262 1620 1380 1685 repens
1405 1605 1443 1686 4,
1475 1603 1512 1666 11

372 1729 452 1794 sqq„
477 1712 664 1777 auctarium
683 1729 726 1777 ex
745 1726 854 1776 errore
873 1713 1009 1791 natum,
1028 1727 1093 1792 quo
1115 1711 1328 1790 perturbatur
1341 1707 1512 1774 sententia

371 1818 420 1900 (4,
456 1819 532 1898 14³),
563 1817 704 1899 denique
731 1817 867 1898 puerilis
894 1817 1071 1882 verborum
1095 1816 1191 1882 lusus
1214 1815 1266 1900 (5,
1293 1816 1428 1899 4-10);
1453 1815 1512 1880 for·

370 1925 461 1989 tasse
484 1925 588 1989 etiam
610 1941 661 1988 vs.
688 1925 831 1988 11-13.

416 2028 480 2094 Sed
506 2030 587 2095 haee
610 2030 809 2112 omniaque
830 2030 905 2112 jure
928 2029 1030 2094 Paulo
1053 2029 1213 2112 Episcopo
1237 2029 1442 2112 tribuamuS,
1467 2045 1510 2093 ex

369 2136 495 2217 reliqua
517 2137 747 2218 disquisitione
768 2135 970 2202 luculentius
993 2137 1079 2202 efflei
1102 2137 1234 2218 poterit.
