3192 5325
617 518 696 584 ’225

89 724 191 788 quum
215 704 317 782 Λόγος
343 704 474 770 medius
493 703 722 768 intercederet.
746 701 847 783 Apud
868 700 1074 768 Clementem
1092 703 1233 770 Alexan·

89 813 222 879 drinum
252 809 355 889 Λίνος
386 814 546 893 perpetuo
576 810 606 875 is
629 813 699 890 est,
725 808 782 889 qui
804 807 894 874 Deus
917 809 953 874 in
977 809 1099 875 Vetere
1123 811 1233 877 Testa-

90 923 204 985 mento
228 919 350 984 dicitur
372 920 408 982 et
431 918 467 982 in
487 917 582 1008 Novo
603 916 707 981 Iesus
734 915 803 981 Nee
821 913 1100 993 miramurdo‘yco
1113 935 1235 982 nornen

90 1025 292 1090 translatum
323 1023 427 1089 fuisse
458 1023 500 1088 ad
524 1022 605 1088 Jesu
623 1037 822 1104 personum,
849 1037 926 1085 cum
949 1021 1125 1089 videamus
1148 1023 1236 1089 idem

91 1131 156 1198 fere
186 1130 351 1197 Mercurio
382 1128 551 1195 accidisse.
584 1128 644 1210 Ep.
671 1128 733 1192 101
760 1125 923 1209 Synesius
946 1126 1153 1194 Marcianum
1177 1129 1235 1194 sal-

92 1255 169 1304 Vere
190 1239 285 1321 jubet
308 1240 344 1302 et
366 1236 491 1319 pergit:
517 1226 547 1297 ὃν
571 1234 596 1298 εἰ
620 1232 784 1312 προλαβὼν
809 1231 977 1311 Ἀριςείδκν
999 1237 1111 1312 Ἑρμοῦ
1132 1236 1236 1311 λογίου

93 1343 186 1408 τύπον
212 1321 254 1416 είς1
279 1342 447 1421 ἀνθρώπους
472 1338 550 1420 ἔφην
574 1337 768 1414 ἐληλυθέναι,
794 1338 884 1414 μθλις
910 1336 949 1402 θον
969 1339 1033 1402 κσὲ.
1058 1341 1239 1423 itidemque
1323 1397 1324 1400 ,

93 1451 247 1517 Julianus
269 1450 306 1514 in
328 1450 484 1515 Oratione
508 1447 556 1512 IV
579 1448 672 1512 init:
695 1443 802 1522 ἔμοιγε
822 1445 929 1510 τούτου
949 1446 1109 1526 reparata
1129 1447 1235 1523 βοκθὸς

94 1555 235 1634 didym
259 1559 387 1635 Ἑομῆς.
1056 1629 1059 1634 ,
1147 1626 1149 1632 ,

136 1661 202 1729 Sed
231 1666 272 1728 ut
302 1662 345 1728 ad
368 1663 538 1728 Bacchum
561 1662 755 1744 redeamus²
779 1661 934 1727 videmus
958 1662 1046 1742 apud
1069 1661 1240 1729 lulianum

94 1771 182 1836 Orat.
216 1769 289 1852 Vll,
317 1770 392 1853 222,
418 1770 582 1850 quomodo
605 1768 789 1850 Imperator
814 1769 984 1834 Bacchum
1005 1771 1041 1833 et
1064 1766 1166 1845 Λόγοι
1191 1789 1241 1836 eo·

95 1877 169 1942 dem
192 1877 261 1942 loco
286 1877 408 1942 habeat
431 1878 467 1940 et
491 1874 639 1958 mystica
655 1858 785 1940 'unione
808 1874 1007 1940 delectetur:
1030 1874 1241 1942 Asturica...

95 1980 308 2061 προσεύχομαι
331 1978 390 2052 σοίς
411 2005 447 2045 σε
466 1979 546 2057 ἔριθος
572 1979 624 2044 καί
649 1980 707 2051 τοὶς
732 1979 882 2060 ὑμετέρας
897 1980 1114 2059 ἕκβοικχεῦσαι
1128 1981 1242 2062 φρένας
1321 1965 1323 1970 ¹

97 2088 143 2152 εὀοδ
170 2089 226 2160 τὴν
249 2087 347 2162 οὶλνρθῆ
371 2093 429 2151 τῶν
453 2089 524 2152 θεῶν
548 2093 658 2164 γνῶσιν
785 2081 842 2167 ὅτῳ
867 2086 929 2166 γὰρ
950 2088 994 2163 μὴ
1015 2090 1048 2153 τὸ
1070 2091 1243 2164 σεσλκθυσ-

98 2193 185 2270 μένον
212 2199 266 2266 τῆς
292 2193 368 2274 ζωῆς
395 2193 452 2258 ὑπὸ
477 2200 531 2266 τῆς
557 2193 696 2264 ἑνοειδοῦς
728 2193 779 2257 καί
807 2193 835 2256 ἐν
860 2193 901 2274 τῷ
927 2196 1058 2275 μεριστῷ
1084 2200 1244 2271 παντελῶς

99 2297 266 2378 ἀδιαιρέτου
290 2296 361 2374 θλκς
386 2324 421 2363 σε
445 2301 476 2363 ἐν
499 2302 594 2364 σοῖσιν
618 2301 753 2377 οίμιγοῦς
778 2299 1036 2380 προϋπαρχούσας
1061 2298 1245 2374 οὐσιάςτοῦ

100 2406 246 2472 Διονύσου
271 2408 533 2486 τελεσιουργκθείκ
559 2405 610 2470 διοδ
632 2413 687 2481 τῆς
714 2405 780 2482 περὶ
805 2405 856 2469 τὸν
876 2405 938 2470 θεδν
959 2407 1053 2472 ἐνθέου
1073 2407 1244 2492 βακχείας,

100 2515 196 2594 τούτῳ
221 2514 351 2584 κίνδυνος
377 2514 426 2578 εἰιί
452 2513 559 2578 πολλοὶ
579 2516 682 2594 ῥυῆναι
703 2513 758 2586 σὺν
779 2511 866 2593 ζωήν,
886 2515 1006 2594 ῥυεῖσαν
1021 2514 1051 2578 δὲ
1064 2514 1247 2598 διεσσοίσθαι

101 2623 149 2686 καὶ
177 2621 424 2688 διασπασθεῖσα
450 2621 600 2702 οἴχεσθαι.
624 2624 735 2706 Hujus
757 2624 811 2689 dei
834 2622 978 2703 vestigia
1001 2625 1077 2690 vult
1099 2642 1248 2705 premere

101 2732 303 2812 Imperator3
337 2734 376 2795 tu
406 2731 514 2815 enim,
539 2732 666 2813 inquit,
689 2749 708 2797 o
733 2730 932 2814 Themistie‚
958 2732 1111 2797 animum
1134 2750 1249 2798 meum

100 2837 202 2901 altius
233 2837 371 2902 erexisti
403 2856 506 2919 quam
536 2838 608 2918 ipse
639 2837 731 2902 solus
755 2838 827 2918 jam
851 2853 1037 2902 erexeram:
1063 2835 1113 2899 σοι
1139 2838 1247 2915 ἀγῶνα

100 2944 141 3021 τῷ
166 2943 261 3006 παντί
286 2942 507 3023 χαλεπώτερον
532 2940 669 3019 ἔδειξας,
692 2943 720 3005 ἕν
742 2942 842 3022 ταύτῃ
864 2942 949 3021 παροδ
969 2947 1021 3006 τοῦ
1044 2945 1107 3007 θεοῦ
1129 2944 1247 3027 τετοίχ-

103 3050 149 3112 θοιι
183 3073 224 3126 ριε
249 3057 286 3131 τῇ
317 3047 414 3129 μερίδι
443 3048 561 3133 λέγων,
587 3040 618 3112 ἓν
643 3044 662 3130 ᾖ
684 3047 824 3128 πρότερον
849 3050 1003 3127 Ἡρακλῆς
1028 3048 1079 3113 καὶ
1105 3050 1249 3123 Διθνυσος

104 3153 263 3231 ἐγενέσθην
288 3159 530 3236 φιλοσοφοῦντες
558 3154 631 3231 ὁμοῦ
655 3154 707 3220 καὶ
731 3154 951 3230 βασιλεύοντες
975 3152 1027 3219 καί
1053 3158 1159 3221 πᾶσαν
1176 3180 1251 3236 σχε-

104 3260 150 3325 δὸν
184 3267 239 3335 τῆς
267 3237 519 3341 ’ἐπιπολαζούσης
546 3261 658 3333 κακίας
684 3258 956 3339 οίνακαθαιρθραενοι
980 3269 1039 3337 γῆν
1064 3286 1098 3325 τε
1123 3262 1175 3327 καί
1199 3262 1252 3328 θοί·

104 3380 239 3433 λασταν.
276 3369 444 3434 Nimirum
478 3369 664 3451 lmmrator
695 3368 815 3434 similis
847 3384 920 3433 esse
951 3368 1084 3434 volebat
1113 3370 1250 3454 Bacchi,

104 3473 263 3555 quoniam
281 3476 479 3553 ,seeundum
510 3474 732 3557 Porphyrium
754 3470 913 3539 hio'deus
936 3477 989 3539 est
1011 3473 1184 3540 finitarum
1207 3492 1253 3540 re-

105 3598 182 3645 rum
206 3584 242 3645 et
266 3582 442 3663 opponitur
463 3581 540 3646 Jovi
564 3580 621 3662 qui
644 3580 730 3659 regit
755 3597 842 3660 quae
865 3578 953 3649 ὄντος
979 3582 1071 3673 sunt.
1096 3581 1161 3645 Hic
1184 3582 1251 3646 lice·

105 3686 156 3751 bit
179 3687 215 3751 in
239 3688 437 3752 memoriam
459 3686 638 3753 lectoribus
660 3703 815 3752 revocare
835 3686 1008 3769 Porphyrii
1028 3687 1254 3765 fragmentum

108 3793 197 3873 quod
217 3792 468 3876 olympiodorus
488 3792 638 3859 laudavit
658 3793 694 3857 in
714 3793 962 3859 Commentario
974 3792 1014 3858 ad
1027 3793 1254 3875 Phaedonem;

106 3899 203 3965 nobis
233 3899 324 3965 locus
356 3899 505 3965 innotuit
536 3917 580 3965 err
612 3899 758 3965 Oousinii
781 3898 881 3965 libro:
906 3899 1107 3979 Frcpmcuts
1130 3899 1169 3964 dc
1183 3900 1256 3982 plci-

104 4006 250 4087 losoplu'c
273 4008 432 4071 οιιοοοοιιοο
454 4025 485 4087 p.
511 4006 594 4071 460:
630 4005 676 4091 „Il
699 4023 722 4087 y
746 4004 874 4070 adeun
895 4008 1003 4071 sortes
1022 4005 1062 4070 de
1082 4005 1255 4087 creatione,

105 4113 197 4177 l'une
217 4112 423 4196 indivisible,
442 4112 562 4179 l'autre
584 4112 726 4177 divisee:
751 4111 773 4175 a
795 4111 828 4175 la
846 4111 1007 4193 premiere
1027 4111 1156 4192 preside
1173 4112 1257 4194 lupi·
1295 4112 1297 4116 ’

106 4221 176 4301 ter,
202 4218 274 4284 ala
295 4220 435 4285 seconde
459 4219 626 4301 Bacchus3
648 4219 731 4285 c’est
754 4235 838 4300 pour
862 4218 930 4283 cela
953 4216 1032 4299 qu’ll
1055 4221 1109 4283 est
1128 4218 1194 4284 mis
1217 4235 1259 4284 en

106 4325 250 4407 pieces.’'
282 4324 347 4391 Hic
375 4325 543 4409 BacchuS,
567 4325 620 4389 uti
643 4326 751 4408 vides,
777 4324 925 4403 Zagreus
947 4326 1014 4407 est,
1041 4342 1142 4405 quem
1164 4328 1261 4391 tanta

111 4432 335 4497 sanctimonie
360 4431 438 4497 colit
463 4432 520 4513 qui
542 4430 631 4513 apud
655 4429 848 4511 Euripidem
870 4429 1016 4511 loquitur
1038 4430 1152 4510 frgmt.
1178 4432 1284 4523 did:¹

365 4536 460 4617 σίρνὸν
484 4536 515 4602 δὲ
540 4536 607 4615 βίον
632 4537 768 4615 σείνοροεν
793 4534 827 4613 ἕξ
850 4532 883 4601 οὗ

1138 4655 1169 4707 15
