3192 5325
917 563 961 628 86

364 742 481 827 καινόν),
516 744 570 809 vel
595 744 648 810 die
672 742 806 810 Domini
830 743 872 828 (si
896 746 1059 811 servanda
1082 748 1136 810 est
1157 745 1254 811 lectio
1277 741 1437 828 κυριακδν),
1458 745 1495 808 ni·
1572 737 1573 800 ι

300 839 305 847 '
363 850 410 914 hii
442 850 482 914 fit
506 849 591 916 satis
614 851 748 932 decore,
775 851 833 916 sed
857 851 945 933 rapit
968 852 1200 933 unusquisque
1220 852 1309 917 cibos
1332 868 1414 933 quos
1434 851 1494 932 ipse
1572 837 1573 854 i

365 955 522 1030 contulit,
556 959 739 1036 antequam
774 974 891 1022 omnes
923 957 1037 1021 ordine
1069 957 1286 1022 accubuerint
1313 974 1352 1022 ac
1379 955 1498 1037 proinde

366 1058 556 1142 (legendum
590 1062 681 1127 enim
719 1061 811 1146 (nat)
844 1062 873 1124 ἐν
903 1063 944 1140 τῷ
974 1068 1105 1146 φανεῖν)
1128 1064 1164 1128 in
1193 1080 1232 1128 ea
1250 1059 1405 1128 ¹fratrum
1427 1079 1497 1126 com·

363 1167 460 1231 muni
483 1184 585 1232 coena
607 1168 715 1232 esurit
737 1168 823 1233 alter
847 1171 882 1234 et
905 1168 990 1234 alter
1012 1171 1109 1249 genio
1130 1168 1273 1234 nimium
1294 1166 1450 1247 indulget.
1471 1164 1499 1230 st

363 1271 434 1335 cibo
459 1289 519 1336 vos
542 1273 747 1351 ingurgitare
768 1274 882 1357 juvat,
908 1275 997 1340 domi
1021 1277 1155 1340 manete
1174 1292 1282 1355 neque
1304 1272 1498 1339 abutendum

363 1381 415 1441 est
446 1379 685 1462 conventibus,
719 1380 776 1460 qui
802 1381 1115 1470 ¹quomodocumque
1145 1381 1284 1445 tandem
1311 1378 1380 1444 Deo
1403 1395 1498 1444 conse·

363 1483 447 1548 crati
477 1486 568 1548 sunt.
602 1485 676 1549 Non
707 1483 760 1549 ille
789 1485 881 1550 locus
906 1489 975 1567 est,
1000 1486 1059 1551 ubi
1082 1486 1215 1552 luxuria
1238 1489 1354 1551 vestra
1378 1485 1499 1550 contim-

362 1587 451 1653 datis
485 1591 616 1655 animos
647 1607 834 1671 pauperum
866 1592 1027 1672 fratrum,
1068 1591 1125 1673 qui
1157 1591 1239 1656 nihil
1270 1591 1332 1672 ipsi
1366 1590 1500 1656 conferre

363 1697 560 1776 potuerunt,
594 1697 652 1760 sed
681 1697 754 1778 jure
785 1715 845 1762 suo
877 1700 1029 1762 vestram
1064 1698 1275 1786 larg'tionem
1298 1699 1498 1778 exspectave-

363 1800 453 1866 runt.
479 1801 547 1866 Nee
572 1819 653 1867 sane
677 1804 912 1882 negligendum
936 1807 989 1869 est
1012 1803 1091 1868 illud
1117 1801 1349 1880 καταισχύνετε
1374 1801 1441 1873 τοὺς
1463 1801 1500 1876 μὴ

364 1904 494 1984 ἔχοντας
523 1925 585 1972 νε.
608 1909 660 1989 22,
694 1925 775 1973 nam
806 1909 911 1974 etiam
944 1909 1133 1988 indigentes
1164 1926 1257 1974 sacro
1281 1909 1397 1990 poculo
1419 1907 1500 1973 abut'

365 2013 572 2095 potuissent,
603 2015 689 2093 quod
717 2014 746 2078 si
770 2015 884 2080 minus
903 2016 1079 2098 fecissent,
1103 2015 1308 2080 abstinentia
1328 2031 1502 2095 numquam

363 2118 485 2183 diisset
510 2135 612 2182 causa
629 2109 767 2184 'ruboris
782 2115 816 2197 ¹).
1573 2195 1574 2216 χ

410 2226 540 2290 Versus
565 2226 698 2288 20-22
723 2226 965 2291 continuantur
988 2244 1090 2291 versu
1118 2229 1180 2309 293
1204 2227 1322 2308 quodsi
1346 2227 1436 2291 enim
1457 2226 1503 2290 ido

366 2349 467 2397 versu
498 2332 540 2396 29
570 2331 847 2397 continuarentur
870 2351 938 2397 νεε.
960 2334 1108 2415 23-28,
1135 2333 1192 2415 qui
1215 2333 1365 2414 proxime
1386 2347 1501 2414 praece·
1573 2335 1574 2404 ἕ

365 2439 468 2531 dunt,
502 2437 622 2502 fuisset
657 2436 838 2517 scriptum:
870 2437 971 2515 ὄναρ
998 2429 1098 2502 tudier
1124 2437 1176 2501 nai
1201 2437 1291 2501 τίνων
1315 2434 1501 2518 ἀναξίως,

365 2546 451 2626 quod
485 2542 682 2608 adverbium
715 2559 827 2618 nunc,
866 2544 918 2608 uti
950 2544 1060 2626 vides,
1094 2546 1205 2626 deest,
1231 2545 1271 2608 cf.
1296 2561 1347 2610 νε.
1374 2544 1425 2608 22.
1449 2540 1503 2606 Sed

368 2649 474 2714 ἐσθίειν
507 2648 557 2712 καὶ
594 2648 687 2711 πίνειν
721 2667 772 2714 νε.
807 2651 849 2715 22
886 2651 1031 2717 helluari
1055 2652 1323 2737 significat,quo
1347 2647 1504 2717 sensuri

366 2757 495 2835 πατρῷα
529 2754 698 2818 κατεσθίειν
723 2755 774 2818 καὶ
799 2757 980 2821 καταπίνειν
1007 2759 1131 2824 Graece
1155 2758 1293 2840 dicitur,
1318 2758 1431 2838 itaque
1454 2756 1503 2820 mi·

365 2865 456 2929 nime
490 2862 681 2927 mirandum
705 2864 789 2942 quod
814 2861 1009 2941 legiturve.
1035 2865 1095 2928 29:
1121 2864 1164 2938 μὴ
1189 2862 1349 2942 διακρίνων·
1365 2863 1399 2927 τὸ
1423 2867 1503 2937 σῶμα

365 2986 471 3051 neque
499 2968 632 3035 additur
662 2971 714 3031 τοῦ
746 2971 867 3047 χρνςνῦ,
901 2987 982 3034 nam
1005 2969 1114 3035 helluo
1137 2990 1241 3036 cuum
1265 2972 1373 3053 apcius
1396 2983 1504 3049 corpus

365 3095 431 3142 non
461 3077 602 3154 διακρίνει
636 3092 697 3139 nec
721 3076 852 3155 quaerit
875 3075 953 3155 quid
977 3077 1084 3156 possit
1108 3079 1143 3142 et
1166 3077 1313 3141 officium
1338 3094 1438 3141 suum
1458 3088 1503 3137 ne-

365 3183 469 3262 gligit.
512 3181 634 3245 itidem
664 3197 714 3245 νε.
748 3181 809 3244 31:
843 3180 868 3242 εἰ
893 3179 924 3242 δὲ
950 3180 1123 3251 ἑαυτούς
1153 3180 1234 3265 (non
1266 3182 1437 3248 Christum
1458 3176 1505 3271 vei

365 3287 490 3352 Christi
513 3286 645 3370 cerpus)
670 3284 872 3363 διεκρίνομεν·
898 3288 1077 3353 nonenim
1097 3289 1181 3353 satis
1202 3288 1424 3353 discernimus
1435 3283 1503 3367 quid

366 3394 518 3457 animum
549 3409 734 3472 corpusque
764 3396 920 3458 nostrum
951 3394 1076 3458 deceat.
1113 3393 1211 3458 Nunc
1235 3394 1340 3459 etiam
1363 3391 1502 3469 intelligi·
1574 3404 1575 3465 Ῑ

367 3516 444 3563 mus
467 3516 517 3563 vs.
544 3499 588 3562 30
611 3497 691 3562 illud
714 3498 762 3561 tut
786 3503 893 3580 ταῦτα,
918 3501 1004 3581 quod
1030 3500 1165 3581 reliquis
1184 3500 1424 3580 interpretibus
1442 3502 1504 3563 tam
1574 3504 1575 3507 ’

366 3605 491 3670 mirum
523 3606 637 3671 visum
669 3608 732 3670 est.
768 3607 843 3671 Non
876 3608 966 3672 enim
991 3608 1073 3672 sunt
1097 3606 1248 3671 diuturni
1272 3606 1380 3671 morbi
1402 3618 1504 3671 eorum

366 3713 423 3794 qui
447 3714 628 3794 peccarunt
650 3713 684 3777 in
710 3713 791 3777 Jesn
817 3707 954 3796 corpus,
980 3714 1038 3777 sed
1062 3712 1097 3777 in
1122 3730 1184 3778 sue
1207 3712 1358 3792 ipsorum
1382 3723 1503 3792 corpora

366 3837 510 3901 quorum
532 3820 656 3884 vitium
679 3822 733 3884 est
756 3835 799 3883 ex
823 3819 1084 3900 intemperantia
1108 3822 1221 3884 ortum
1242 3814 1281 3901 ⁹).

413 3926 473 3990 Vs.
500 3926 542 3989 33
568 3942 617 4006 sq.
642 3924 719 3990 finis
750 3928 804 3990 est
827 3925 1007 4004 fragmenti
1032 3925 1174 4009 20-22,
1203 3925 1334 3990 29-31
1361 3928 1396 3989 et
1418 3937 1502 4004 appa-

367 4035 419 4097 ret
436 4031 514 4112 quid
538 4031 677 4111 scriptor
701 4030 798 4096 velit:
825 4030 981 4103 αιινιννς
1006 4029 1178 4108 ἐκδέχεσθε.
1203 4030 1325 4095 itidem
1344 4030 1502 4096 estatten-

368 4137 513 4203 dendum
532 4137 574 4202 ad
598 4136 771 4217 sequentia
794 4139 914 4202 verba:
938 4135 981 4199 rt
1006 4134 1036 4199 u
1061 4135 1155 4199 ινιανὶ
1180 4135 1217 4205 ὡς
1243 4134 1280 4198 ἂν
1305 4131 1380 4199 ἔνθα
1404 4126 1502 4199 διατα-

404 4317 429 4373 1)
447 4315 517 4364 Nihil
533 4314 641 4380 proderit
657 4330 701 4379 pro
718 4314 752 4375 μὴ
768 4313 880 4377 ’ἔχοντας
897 4315 1017 4379 corrigere
1034 4313 1207 4378 μετέχοντας,
1226 4330 1274 4363 non
1291 4315 1355 4365 enim
1372 4317 1426 4365 eunt
1441 4305 1501 4377 pauci

369 4397 466 4461 qnidam
488 4397 529 4459 qni
547 4397 732 4460 intemperantia
748 4398 897 4446 confundunt
914 4398 974 4455 τοὺς
994 4387 1155 4461 μετέχοντας
1173 4398 1211 4447 vel
1229 4398 1366 4459 παρόντας,
1384 4398 1423 4447 sed
1438 4392 1500 4455 scrip·

369 4478 430 4528 torio
446 4478 597 4543 reprehensio
615 4478 700 4527 diriter
718 4495 799 4527 omncs
816 4479 901 4542 tangit.

403 4562 431 4625 2)
447 4562 601 4622 Κοιμῶνται,
620 4576 653 4609 vs.
673 4561 720 4620 30,
739 4565 822 4609 nostra
838 4561 938 4610 artificia
957 4562 1045 4621 eludit;
1065 4562 1164 4611 domama
1181 4564 1321 4627 corruptum
1338 4565 1381 4611 eet.
