3192 5325
644 542 709 605 209

99 725 157 805 26;
188 726 240 805 16,
272 730 290 792 7
315 726 366 801 (61.
391 726 487 790 Rom.
514 727 544 806 8,
572 722 646 807 26);
672 723 789 788 deinde
813 723 992 802 Apostolos
1016 725 1057 788 de
1080 726 1160 814 Jesu
1184 730 1247 793 tes·

99 831 285 896 timonium
319 831 541 912 perhibituros
576 846 651 895 esse
685 831 737 910 15,
771 830 812 896 27
824 851 832 910 ;
864 833 993 902 Πνεῦμα
1024 834 1139 896 autern
1162 833 1248 897 idem

97 935 271 1001 facturum
304 954 378 1002 esse
411 938 463 1020 15,
497 938 549 1001 26.
586 936 645 1001 Vs.
679 936 720 1000 27
744 953 820 1000 eam
843 934 944 1000 habet
967 938 1127 1020 speciem,
1154 939 1250 1019 quasi

98 1040 312 1107 Pneumatici
332 1043 457 1124 primos
477 1040 657 1122 Apostolos
677 1041 850 1106 conciliare
871 1041 1055 1122 voluerint;
1070 1042 1149 1107 illud
1162 1047 1250 1108 certe

99 1147 150 1210 καὶ
179 1147 269 1225 ὑμεῖς
293 1165 399 1230 paene
422 1148 524 1213 nimis
547 1147 682 1228 puerile.

643 1338 661 1411 ὅ
685 1332 716 1395 4.

469 1500 648 1566 1166161111
670 1454 767 1583 caput
789 1500 896 1566 XIII.

147 1683 203 1746 Ex
234 1683 276 1747 iis
309 1700 393 1764 quae
426 1701 528 1764 supra
557 1684 826 1764 disputavimus
861 1687 981 1763 sponte
1005 1685 1187 1751 delabimur
1209 1689 1251 1753 ad

100 1789 329 1870 suspicionem
360 1788 654 1855 Pneumaticorum
685 1789 784 1853 fidem
817 1789 977 1854 coaluisse
1008 1791 1143 1856 demum
1175 1810 1253 1857 curn

102 1895 257 1960 doctrina
286 1895 326 1959 de
357 1894 455 1975 iesu,
482 1897 662 1976 postquam
694 1895 775 1960 haec
794 1896 866 1976 J'am
889 1897 1069 1976 recepisset
1092 1897 1253 1962 Johannis

100 2001 281 2082 Baptistae
314 2000 507 2081 discipulos,
540 2001 598 2081 qui
628 2000 736 2066 Deum
767 2003 900 2080 patrem
931 2001 1028 2066 unice
1058 2003 1252 2068 adorabant.

98 2105 219 2186 Capite
254 2107 295 2169 13
326 2107 566 2171 documentum
595 2106 758 2171 habemus
789 2106 877 2171 unde
909 2110 1068 2187 appareat
1090 2110 1254 2189 quomodo

98 2212 328 2277 memorabilis
351 2209 475 2291 ζήτησις
501 2211 535 2275 ἐκ
560 2217 618 2274 τῶν
642 2212 786 2288 μαθητῶν
811 2210 948 2275 Ἰωάννου
972 2212 1038 2290 περὶ
1064 2214 1253 2289 καθαρισμοῦ

99 2317 150 2393 (cf.
185 2317 261 2382 Joh.
294 2318 325 2398 3,
359 2316 413 2394 25)
447 2317 537 2382 inter
570 2321 749 2398 utramque
784 2320 912 2382 sectam
944 2318 1040 2383 litem
1071 2319 1252 2386 diremerit.

99 2423 233 2504 Nempe
268 2424 415 2488 narratio
446 2423 487 2488 de
518 2423 642 2504 pedum
672 2422 840 2488 ablutione
872 2424 937 2507 (13,
966 2425 1097 2509 1-19),
1131 2426 1254 2491 demtis

99 2529 302 2613 involucris,
328 2530 370 2595 ad
393 2530 664 2595 vetustissimam
689 2530 830 2595 formam
854 2531 1039 2595 revocanda
1062 2534 1115 2596 est
1135 2534 1170 2595 61
1190 2534 1253 2597 616-

99 2635 165 2702 tim
190 2636 333 2702 incurrit
355 2636 392 2700 in
414 2635 526 2702 oculos
549 2653 623 2702 esse
645 2636 810 2717 quaedam
834 2636 989 2718 obscura,
1015 2638 1179 2717 quaedam
1199 2655 1253 2703 au·

100 2745 174 2807 tem
197 2760 302 2823 quarn
325 2744 474 2808 maxime
496 2744 678 2823 perspicua.
1075 2812 1088 2838 x
1290 2742 1294 2750 '

146 2849 298 2913 Obscura
320 2851 374 2913 est
396 2847 617 2929 introductio,
642 2866 694 2913 vs.
723 2848 820 2924 1-3‚
845 2848 969 2929 inqua
993 2849 1134 2928 scriptor
1158 2851 1254 2916 nobis

100 2954 241 3019 videtur
263 2955 427 3035 explicare
446 2954 593 3019 voluisse
616 2954 703 3035 quod
726 2972 808 3019 mox
832 2956 993 3020 tradetur.
1018 2954 1177 3033 Legimus
1201 2974 1255 3022 au-

100 3061 176 3125 tem
199 3061 300 3125 haec:

145 3167 173 3231 Ι.
208 3167 318 3231 16666
333 3166 439 3231 sentit
461 3168 724 3247 appropinquare
755 3167 872 3231 horam
902 3165 1031 3231 mortis.
1066 3166 1108 3230 Π.
1140 3166 1255 3231 Osten-

101 3273 181 3338 dere
206 3272 332 3354 voluit,
358 3289 395 3336 se
418 3289 496 3336 suos
520 3271 675 3337 dilexisse
698 3272 734 3335 in
757 3271 869 3337 finem.
905 3272 963 3336 ΠΙ.
989 3270 1093 3336 Novit
1121 3271 1256 3336 Patrem

100 3378 219 3443 omnia
250 3377 313 3442 sibi
342 3378 378 3441 in
409 3394 531 3441 manus
562 3376 703 3442 dedisse.
738 3377 798 3443 IV.
823 3377 961 3441 Ablutio
986 3376 1075 3441 facta
1100 3379 1153 3441 est
1176 3380 1257 3442 ante

101 3483 194 3549 diem
226 3482 354 3547 festum
384 3480 548 3562 Paschaess
580 3499 665 3561 quae
694 3482 857 3561 temporis
887 3482 1017 3547 notatio
1048 3484 1124 3563 post
1158 3484 1254 3565 12,1

101 3604 354 3670 supervacanea
379 3590 433 3651 est
456 3604 496 3651 ao
513 3587 649 3667 proinde
668 3586 826 3667 peculiari
845 3588 989 3667 quodam
1008 3587 1105 3653 modo
1125 3589 1166 3652 ad
1186 3607 1258 3653 rem

101 3694 241 3759 videtur
264 3693 440 3773 pertinere.
476 3692 604 3758 Verum
628 3693 798 3757 enimvero
823 3693 859 3756 in
883 3693 1038 3757 omnibus
1062 3694 1152 3757 hisce
1177 3694 1258 3759 nihil

101 3800 212 3880 inest,
239 3796 279 3861 de
302 3814 367 3877 quo
390 3798 510 3862 statim
532 3798 717 3878 perspicere
738 3797 865 3878 possis,
888 3816 948 3862 cur
968 3798 1086 3862 Jesum
1106 3799 1148 3863 ad
1167 3798 1258 3865 illam

102 3904 358 3969 solemnitatem
376 3902 544 3982 impellere
564 3902 723 3966 debuerit.
748 3903 871 3968 Itidem
890 3904 1069 3968 obscurum
1088 3906 1141 3968 est
1153 3922 1204 3969 vs.
1221 3909 1256 3971 7;

101 4009 209 4088 γνώσῃ
241 4007 327 4083 μετὰ
358 4011 483 4082 caira,
520 4025 601 4072 narn
631 4008 703 4089 ipse
734 4009 833 4073 Jesus
864 4026 944 4073 mox
976 4007 1029 4092 (61.
1053 4026 1105 4073 vs.
1130 4008 1151 4069 8
1175 4017 1258 4091 sqq.)

101 4115 437 4195 interpretaturque
461 4112 596 4177 consilio
619 4112 857 4193 Apostolorum
880 4114 980 4195 pedes
1003 4111 1124 4178 laverit
1148 4118 1183 4179 61
1201 4116 1259 4181 1111-

101 4240 163 4287 rus
194 4221 250 4285 est
271 4235 356 4283 usus
379 4218 557 4298 singularis
580 4219 729 4300 numeri,
752 4237 858 4300 quum
882 4218 1002 4284 statim
1026 4222 1186 4300 sequatur
1208 4239 1259 4287 vs.

105 4328 147 4390 12
174 4321 354 4402 γινώσκετε.

150 4431 278 4496 Contra
301 4447 363 4495 sex
386 4432 468 4495 sunt
486 4447 540 4495 res
559 4430 751 4511 perspicuae
775 4432 975 4496 admodum:
1000 4432 1026 4495 I.
1047 4431 1261 4521 Sinopedum

102 4535 275 4602 lavatione
295 4535 480 4600 nonhabet
498 4535 619 4600 Petrus
638 4538 771 4616 partem
789 4553 868 4601 curn
887 4536 1098 4614 16661168).
1124 4538 1166 4601 Π.
1179 4538 1262 4603 Prae

1154 4655 1185 4703 11
