3192 5325
689 503 750 569 151

141 691 237 754 tores
261 689 446 755 adsciscere
470 689 596 772 scripta
618 707 704 771 quae
726 689 927 756 6111166616
950 691 1042 755 sunt.
1063 688 1125 770 Qui
1145 688 1292 754 Genesin

141 793 371 876 scripserunt,
397 812 464 859 non
487 796 708 862 cohibuerunt
730 813 852 863 manus
875 797 917 860 ab
942 795 1137 861 bibliotheca
1160 794 1291 877 Assyri-

141 917 244 965 orum
276 901 380 980 regis,
412 901 481 982 cui,
514 902 566 966 uti
596 902 769 982 audimus,
795 919 918 968 nomen
942 904 1016 966 erat
1039 899 1290 981 Assurbanipal.

140 1005 338 1070 Indicorum
373 1007 498 1073 Vedica
529 1008 654 1088 scripta
684 1009 760 1089 pest
788 1010 971 1072 retractata
999 1007 1102 1071 luisse
1125 1005 1291 1071 dicuntur.

142 1110 257 1190 Quam
277 1115 359 1177 sunt
378 1113 509 1192 egregia
529 1131 615 1194 quae
635 1113 841 1195 Bernaysins
853 1112 1041 1194 disputavit
1053 1112 1093 1176 de
1104 1109 1290 1193 Phocylide.

141 1215 312 1297 Denique,
349 1221 387 1282 ut
423 1218 465 1283 ad
495 1221 611 1283 nostra
641 1221 793 1299 tempora
825 1218 1018 1299 veniamus,
1043 1232 1153 1283 nonne
1177 1218 1293 1281 narrat

141 1321 339 1387 Macaulaus
362 1322 572 1390 Catholicum
595 1325 802 1390 sacerdotem
825 1324 1061 1389 retractavisse
1081 1322 1291 1388 1366166166-

141 1426 360 1494 leberrimum
383 1429 506 1495 librum
530 1429 570 1495 de
595 1430 763 1508 Peregrini
791 1429 998 1508 Progressu?

188 1531 256 1596 Sed
276 1534 488 1615 aliquantum
511 1536 617 1601 distat
640 1536 781 1600 tristitia
805 1537 834 1618 8,
859 1527 967 1600 1-2'7
989 1535 1031 1599 ab
1052 1533 1289 1615 desperatione,

142 1655 249 1717 quam
279 1641 475 1706 notavimus
499 1644 529 1722 7,
558 1639 699 1705 14-25.
724 1641 778 1705 Ab
802 1644 944 1720 utroque
971 1639 1158 1717 fragmento
1182 1637 1293 1703 differt

141 1743 225 1808 illud
249 1744 391 1830 οἴδαμεν,
417 1747 503 1828 quod
527 1746 647 1826 legitur
670 1746 851 1826 fragmenti
872 1746 983 1828 initi0,
1008 1744 1094 1826 quod
1117 1744 1292 1809 servatum

142 1852 199 1914 est
223 1853 255 1932 8,
282 1853 425 1918 28-39.

190 1956 304 2022 Primo
333 1957 455 2023 obtutu
482 1959 709 2038 fragmentum
733 1958 964 2024 Christianum
987 1958 1058 2032 661,
1080 1956 1167 2036 quod
1189 1953 1292 2019 Paulo
1418 1975 1423 1981 ·

142 2061 307 2144 Episcopo
338 2064 441 2128 tribui
472 2065 604 2144 poterit.
631 2063 856 2144 Agnoscimus
879 2063 1022 2130 lacteam
1044 2063 1234 2127 ubertatem
1257 2061 1292 2123 61

140 2165 316 2246 ingenium
338 2169 380 2233 ab
403 2168 608 2250 philosophia
630 2169 787 2236 alienum.

191 2272 344 2338 Primum
377 2291 479 2355 quam
507 2276 640 2340 crebrae
662 2275 917 2341 redundantiae!
943 2272 1035 2337 Κατὰ
1060 2270 1195 2349 rediero
1219 2284 1291 2343 καιρ-

145 2375 194 2438 σοί
216 2377 295 2460 (28),
322 2373 369 2448 οὓς
395 2402 544 2458 προεννω,
570 2381 622 2443 καὶ
644 2381 784 2460 σροώρισε
806 2382 885 2466 (29),
906 2375 954 2450 οὓς
976 2376 1146 2457 προώρισεν,
1165 2379 1289 2446 τούτους

145 2484 199 2543 καὶ
232 2482 390 2549 ἐκάλεσεν.
414 2486 497 2551 Post
521 2485 694 2551 ἐδικαίωσεν
718 2487 871 2568 sequitur
894 2484 1053 2567 ἐδόξασεν,
1078 2485 1164 2567 quod
1187 2501 1291 2566 quum
1341 2487 1342 2491 ’

144 2588 301 2654 futurum
324 2593 461 2673 tempus
483 2610 550 2658 non
575 2594 621 2658 sit
644 2593 832 2658 necessario
854 2593 943 2658 idem
966 2591 1129 2673 estquod
1153 2584 1291 2652 ἐδιναίωὲ

144 2716 208 2757 σον.
244 2696 448 2778 Praepositio
477 2696 1174 2783 σρό1611666116116(σρ111σισ,προέγνω,
1201 2695 1290 2771 πιθώ-

145 2807 237 2877 ρισεν)
267 2802 348 2867 facit
378 2804 418 2867 ut
448 2806 701 2885 exspectemus,
734 2805 930 2886 scriptorem
953 2820 1043 2869 nunc
1066 2802 1291 2885 praedestina·

146 2905 275 2971 tionem
297 2906 542 2988 explicaturum
565 2926 655 2992 esse,
677 2910 972 2990 cumpraese1tim
993 2907 1291 2983 1611116σ11ριῡμον

147 3012 219 3085 πρὸς
253 3016 359 3075 ταῦτα
392 3031 429 3079 se
456 3016 528 3095 jam
558 3015 728 3094 accingere
758 3015 914 3079 videatur
936 3012 1054 3078 6111116
1077 3028 1198 3077 616666
1221 3010 1290 3075 1116-

49 3183 56 3193 ,
147 3119 304 3200 stranda;
328 3120 387 3185 sed
407 3121 479 3203 jam
502 3120 660 3186 66611666
683 3121 730 3185 161
753 3120 876 3185 oblitus
898 3122 952 3183 661
975 3136 1026 3183 vs.
1051 3115 1127 3183 31b:
1153 3114 1289 3179 ἐκλεκτοὶ

145 3224 246 3289 iidem
278 3225 367 3290 finnt
396 3227 454 3307 qui
477 3225 637 3301 ἀγαπητοὶ
662 3242 769 3306 neque
792 3226 937 3306 amplius
962 3222 1106 3302 σροορισιι
1132 3225 1200 3303 661,
1224 3239 1291 3303 666

146 3329 296 3410 nitimur,
322 3331 380 3395 sed
400 3331 600 3396 confidimus
619 3331 701 3395 nihil
719 3348 781 3396 nos
801 3330 1001 3395 evulsurum
1019 3346 1095 3395 6666
1114 3347 1134 3396 6
1150 3328 1291 3411 66111616

146 3432 268 3499 divina.
303 3434 467 3501 Ι)66611161
488 3454 556 3502 non
579 3452 652 3502 esse
676 3454 736 3501 cur
757 3435 940 3501 timeamus
963 3434 1163 3514 ςενσχωρίαν,
1189 3431 1289 3507 λιμὸν,

149 3539 352 3624 γὐρανότνρτα,
378 3540 518 3608 κίνδυνον.
543 3538 720 3623 μάχαιραν,
741 3536 858 3622 ὕψωμα
879 3542 931 3605 vel
951 3540 1065 3617 βάθος,
1087 3555 1291 3621 quamquam

145 3644 283 3721 πρόθεσις
316 3648 387 3729 jam
422 3648 590 3729 potuisset
624 3665 686 3713 nos
720 3647 762 3712 ab
792 3647 847 3712 illo
879 3649 972 3711 metu
1003 3646 1150 3711 liberare.
1175 3643 1291 3708 Tradit

146 3750 289 3832 scriptor
311 3751 515 3828 doctrinam,
541 3769 606 3834 qua
628 3752 737 3817 nescit
759 3751 831 3831 ipse
856 3750 1017 3832 quomodo
1041 3751 1167 3815 utatur.

194 3855 285 3921 Nihil
308 3858 360 3921 est
385 3873 444 3922 661
467 3860 625 3937 putemus
645 3856 733 3921 mala
754 3873 839 3938 quae
858 3855 1079 3937 perpetiatur,
1095 3853 1291 3934 scriptorem

146 3961 284 4041 perpeti·
309 3964 443 4043 propter
477 3962 705 4040 Evangelium.
743 3961 830 4041 Quin
864 3944 1114 4026 demonstratur
1148 3976 1199 4023 16.
1236 3959 1288 4041 36,

146 4067 250 4131 etiam
281 4067 486 4150 Israelitarn,
519 4084 600 4132 narn
623 4067 773 4148 psalmus
801 4066 966 4148 laudatur,
991 4063 1119 4130 similes
1141 4062 1291 4146 querelas

147 4170 283 4237 fundere
310 4189 417 4254 posse.
454 4174 493 4237 In
524 4172 656 4253 copiosa
686 4172 937 4237 enumeratione
967 4187 1096 4253 rerum,
1120 4186 1205 4251 quae
1228 4185 1290 4232 nos

146 4278 188 4342 ab
222 4277 291 4343 Deo
325 4294 479 4359 separare
509 4281 668 4361 possunt,
702 4294 769 4342 non
798 4276 996 4358 relinquitur
1026 4278 1162 4358 peccato
1183 4273 1287 4356 locus,

147 4384 233 4463 quod
258 4382 470 4449 Christianus
489 4384 631 4465 scriptor
649 4384 792 4449 fortasse
808 4383 915 4464 primo
934 4383 1003 4447 1666
1023 4382 1288 4447 memoravisset.

148 4489 273 4554 Christi
305 4488 359 4553 hic
394 4490 503 4555 nullae
532 4492 646 4569 partes
676 4491 772 4570 sunt,
806 4488 872 4553 nisi
901 4486 1290 4568 661616116661616116
