3192 5325
625 533 690 596 189

95 711 261 778 ostendens
290 717 326 778 61
357 714 559 780 conferimus
591 716 610 778 2
640 714 713 780 Oor.
748 715 799 778 14.
825 715 902 780 Mox
925 717 1013 797 apud
1036 717 1228 782 Romanum

96 822 330 895 procuratorem
361 822 470 887 denuo
501 822 624 902 6616111
655 822 797 900 ingenue
829 821 975 902 profiteri
999 824 1076 904 quid
1099 825 1233 890 animus

97 940 203 988 revera
230 926 354 1008 agitet,
387 929 443 994 sed
467 928 546 1009 quid
569 928 707 993 tandem
732 929 875 992 narrat?
910 927 1079 995 Nimirum
1104 946 1140 994 se
1165 929 1237 1016 „ad-

98 1032 254 1097 scendisse
282 1034 419 1098 adorare
444 1034 480 1098 16
511 1033 718 1099 1616661616”
752 1034 817 1114 (24,
854 1033 923 1114 11);
951 1035 980 1098 61
1004 1034 1113 1100 dictus
1137 1035 1239 1100 fuerit

103 1135 210 1220 ,horno
238 1139 376 1218 pestifer
405 1143 440 1205 et
463 1140 635 1205 concitans
659 1139 839 1204 seditiones
863 1140 1019 1204 omnihus
1041 1141 1178 1205 ludaeis
1202 1141 1238 1204 in

96 1242 244 1310 universo
266 1247 344 1310 orbe
367 1249 403 1311 et
425 1249 542 1312 auctor
565 1246 738 1312 seditionis
761 1246 1155 1313 sectaeNazarenorum”
1171 1252 1235 1327 (vs.

98 1349 146 1432 5),
177 1351 316 1417 ludaeos
343 1353 592 1418 accusationem
614 1354 751 1433 probare
774 1369 841 1417 non
865 1369 978 1434 posse;
1004 1353 1141 1418 undosi
1165 1369 1236 1418 rem

95 1454 134 1519 ad
163 1456 277 1523 vivum
308 1475 457 1524 resecare
487 1459 604 1540 velles,
638 1457 766 1523 efficere
794 1474 926 1540 posses,
953 1458 1066 1539 ipsum
1090 1458 1233 1524 Paulum

96 1577 207 1640 negare
241 1582 277 1630 se
311 1565 358 1630 illi
390 1568 501 1631 sectae
532 1566 654 1630 favere.
690 1561 754 1629 Sed
784 1565 902 1630 statim
934 1566 1113 1631 confitetur
1137 1583 1172 1630 se
1196 1566 1236 1630 de

95 1667 155 1732 illis
183 1669 362 1737 Nazarenis
392 1689 500 1737 unum
530 1686 622 1751 esse,
655 1672 704 1735 ita
725 1672 842 1736 tamen
865 1673 905 1735 ut
934 1671 1137 1756 „secundum
1160 1688 1236 1737 earn

96 1777 215 1840 sectam
239 1777 407 1843 deserviat
430 1777 524 1844 Patri
546 1781 581 1843 et
603 1777 671 1842 Deo
691 1794 769 1860 666,
794 1771 931 1842 credens
955 1778 1127 1859 omnibus,
1152 1795 1235 1859 quae

95 1878 129 1943 in
160 1881 242 1962 Lege
274 1886 311 1948 et
344 1883 519 1965 Prophetis
549 1883 674 1965 scripta
706 1882 810 1948 sunt'’
843 1882 907 1966 (vs.
930 1883 995 1966 14).
1033 1883 1157 1949 Deinde
1182 1885 1235 1949 hic

94 2003 215 2068 quoque
246 1990 327 2054 dicit
358 1991 398 2055 de
428 1990 671 2055 resurrectione
694 1991 904 2054 mortuorum
927 1988 1010 2073 (1166.
1040 1989 1080 2053 15
1105 1993 1150 2056 et·
1165 1991 1233 2074 21),

96 2093 151 2157 sed
172 2096 210 2160 de
231 2097 313 2162 Jesu
336 2097 577 2162 resurrectione
601 2112 643 2159 ne
666 2096 808 2160 verbum
832 2095 965 2175 quidem
989 2113 1096 2161 66616
1119 2097 1208 2161 16611.

138 2199 270 2280 Aliquot
300 2201 416 2266 diebus
438 2204 515 2282 post
537 2202 608 2280 agit
631 2201 718 2281 apud
742 2199 886 2265 Felicem
909 2203 944 2265 et
968 2200 1147 2266 Drusillam
1175 2201 1234 2286 „de

95 2303 154 2370 fide
184 2323 265 2387 quae
297 2309 350 2372 661
380 2308 416 2371 16
447 2308 620 2372 Christum
651 2306 790 2372 Jesum”
823 2305 889 2388 (24,
923 2306 1057 2372 246611.
1085 2308 1136 2390 28,
1165 2308 1232 2391 31).

94 2409 187 2476 Plura
208 2431 273 2478 non
296 2413 467 2478 adduntur
489 2416 525 2479 61
547 2430 643 2491 aegre
662 2413 889 2478 desideramus
910 2413 1079 2493 scriptoris
1100 2413 1232 2492 diligen-

95 2515 183 2581 tiam.

136 2625 231 2708 Apud
263 2627 404 2692 Festum
432 2625 557 2693 Paulus
579 2627 757 2707 antiquum
779 2626 919 2691 obtinet.
943 2626 1006 2690 Est
1030 2624 1069 2691 de
1094 2643 1231 2693 numero

93 2730 288 2798 ludaeorum
319 2734 612 2813 integerrimorum
624 2731 659 2810 1).
702 2733 760 2817 „ln
791 2732 898 2811 legem
929 2731 1131 2800 ludaeorum
1164 2750 1231 2797 nen

93 2840 233 2915 peccavit
257 2839 323 2923 (25,
349 2840 414 2917 8).”
454 2839 608 2925 „Judaeis
631 2856 698 2903 non
723 2837 857 2903 nocuit”
882 2836 949 2919 (25,
976 2838 1036 2915 10).
1059 2839 1232 2921 ,Nihilest

92 2958 198 3009 eorum
228 2963 313 3027 quae
343 2945 390 3011 illi
420 2944 682 3011 666666616616
706 2944 771 3024 (25,
801 2941 888 3027 11).”
916 2942 992 3007 Mox
1017 2943 1230 3010 audientibus

93 3049 231 3133 Agrippa
254 3055 289 3116 et
311 3052 483 3132 Berenice,
508 3050 637 3115 felicem
661 3066 701 3118 se
720 3049 902 3131 praedicat,
933 3049 1036 3134 „quod
1061 3050 1100 3113 de
1129 3050 1231 3115 omni·

92 3155 150 3221 bus
171 3158 290 3237 quihus
313 3160 491 3223 accusatur
514 3157 556 3221 ab
578 3156 732 3230 ludaeis,
756 3155 845 3236 apud
870 3154 1055 3235 Agrippam
1079 3172 1115 3220 66
1135 3156 1230 3221 hodie

92 3259 279 3329 defensurus
300 3264 375 3328 est’'
401 3264 467 3343 (26,
494 3262 535 3339 2).
560 3262 768 3342 Quamquam
790 3261 938 3342 Agrippa
962 3260 1100 3325 minime
1122 3261 1229 3327 Chris-

92 3366 197 3433 tianus
227 3370 298 3450 ipse
328 3353 399 3450 est,
425 3372 541 3433 tamen
563 3368 701 3433 idoneus
721 3367 826 3448 J'udex
849 3365 999 3447 videtur,
1026 3366 1112 3447 quod
1135 3368 1231 3433 novit

96 3489 221 3554 ,omnes
250 3474 509 3539 consuetudines
540 3476 576 3539 61
605 3472 838 3554 quaestiones,
867 3488 952 3552 quae
974 3472 1062 3553 apud
1087 3472 1230 3540 ludaeos

93 3581 186 3643 sunt’'
216 3581 280 3663 (26,
309 3581 352 3657 3).
376 3581 449 3645 Hoc
470 3580 572 3659 igitur
595 3580 692 3660 plane
719 3578 871 3643 sufficere
893 3577 1044 3662 videtur,
1070 3582 1111 3645 ut
1136 3570 1246 3645 Pauli*

93 3682 234 3764 Apesioh
264 3685 445 3750 Christiani
477 3702 615 3750 causam
645 3699 840 3763 cognoscere
868 3683 984 3765 possit.
1020 3684 1147 3766 Nempe
1175 3685 1228 3771 „in

93 3804 144 3868 spe
165 3808 248 3872 quae
270 3792 313 3856 ad
335 3794 448 3872 patres
470 3791 736 3872 repromissionis
759 3789 849 3855 16616
872 3792 925 3854 661
945 3808 965 3855 6
985 3789 1070 3865 Deo,
1092 3793 1164 3855 stat
1179 3792 1229 3873 ju·
1358 3792 1360 3797 '

93 3893 166 3963 dicio
192 3899 362 3980 6611166166
385 3898 448 3980 (vs.
476 3897 543 3981 6).”
567 3898 658 3962 Haec
681 3899 797 3962 autem
818 3912 912 3975 6666,
936 3896 1022 3976 quod
1046 3913 1089 3961 err
1111 3900 1229 3963 octavo
1297 3915 1300 3923 ’

93 4016 182 4068 versu
203 4004 364 4087 efficitur,
389 4007 598 4069 mortuorum
618 4003 815 4068 resmrectio
834 4004 897 4067 est.
923 4001 1044 4067 Narrat
1064 4005 1227 4084 quomodo

93 4105 306 4174 Christianam
344 4098 805 4190 66166661666166166161166
839 4109 885 4173 611
919 4110 954 4173 61
990 4108 1156 4187 significat
1191 4128 1227 4177 se

96 4214 235 4295 „coelesti
248 4216 414 4296 -visione'',
439 4216 492 4280 661
511 4215 701 4281 incredulus
720 4231 788 4279 non
808 4214 955 4295 potuerit
975 4230 1049 4281 6666
1069 4221 1131 4293 (vs.
1156 4218 1225 4302 19),

102 4358 273 4371 ψ

124 4462 148 4527 1)
163 4464 278 4513 Similiter
294 4464 384 4514 1166166
401 4463 480 4529 eoepit
497 4461 588 4512 dicere:
607 4464 659 4527 Ego
676 4462 739 4512 nihil
754 4462 845 4512 1661661
862 4463 975 4513 adversus
993 4478 1084 4514 merem
1097 4468 1224 4531 paternum

100 4541 146 4606 (28,
162 4546 211 4612 11).
