3192 5325
869 584 914 648 30

312 764 438 830 rimum
465 762 642 845 tribuitur,
675 781 726 830 vs.
751 763 824 830 ibi:
849 760 900 828 ὅτε
925 765 955 829 δὲ
980 762 1068 838 ἦλθεν
1092 766 1280 853 (iacchus),
1306 766 1469 833 θοιθςενινιε

312 869 363 933 κο)
387 858 537 948 οὶφθριζον
563 868 669 932 ἑαυτὸν
689 869 854 955 (cephas).
890 871 966 937 Non
988 873 1157 939 ferendam
1181 892 1358 940 censemus
1383 891 1469 939 eam

312 977 539 1059 subjectorum
561 977 703 1042 tacitam
725 978 1026 1044 commutationem
1050 983 1085 1044 et
1110 980 1252 1050 libenter
1275 980 1470 1046 delebimus

311 1083 414 1148 verba
441 1085 527 1152 τινος
564 1081 626 1144 uini
651 1080 818 1158 ἰονκθβου,
844 1086 884 1148 ut
909 1083 1038 1166 Cephas
1061 1087 1185 1168 pariter
1207 1087 1338 1152 dicatur
1362 1087 1470 1149 ἐλθεῖν

311 1192 347 1255 eii
371 1189 531 1254 ὑτοςεῑλοιι
557 1186 682 1251 ἑαυτόν·
707 1185 819 1255 sicin
842 1188 872 1252 δὲ
894 1185 978 1261 ἦλθεν
993 1191 1187 1274 simpliciter
1198 1193 1360 1258 iteratum
1371 1193 1470 1259 vide-

310 1295 403 1361 bitur
425 1313 468 1360 ex
491 1313 542 1361 vs.
571 1297 623 1361 11.
647 1295 719 1360 Hoc
742 1297 840 1361 modo
863 1313 914 1362 vs.
942 1297 983 1363 12
1003 1298 1115 1364 verbis
1136 1297 1192 1376 ποθ
1212 1303 1265 1360 τοῦ
1286 1299 1467 1378 νὰοέιιθεῑν

311 1417 420 1467 sermo
444 1401 484 1466 fit
506 1402 547 1467 de
570 1400 700 1483 Oephae
723 1401 891 1483 adventu,
916 1402 1078 1469 nimirum
1101 1405 1179 1486 quid
1198 1389 1316 1470 ¹rerum
1335 1405 1464 1488 egerit,

311 1509 492 1588 antequam
523 1506 740 1572 Antiochiam
770 1508 910 1573 renent.
947 1508 1045 1575 Nunc
1068 1511 1204 1576 demum
1229 1513 1467 1591 cognoscimus

310 1613 344 1679 id
374 1614 410 1678 in
441 1631 505 1695 quo
536 1614 634 1677 cardo
665 1613 713 1678 rei
741 1613 902 1697 vertitur,
938 1617 977 1678 ut
1000 1616 1040 1679 de
1063 1615 1193 1699 Cephae
1216 1619 1307 1683 vitae
1331 1617 1467 1682 ratione

308 1719 471 1801 judicium
501 1718 586 1784 ferre
609 1718 795 1800 possimus:
821 1719 945 1785 scilicet
968 1721 1098 1802 cephas
1123 1722 1191 1801 πρὸ
1217 1722 1270 1787 τοῦ
1296 1723 1392 1786 ἐλθεῖν
1417 1723 1466 1791 εἰς

311 1824 507 1902 Ἀντιόχειαν
538 1823 623 1898 μετὰ
656 1829 713 1886 τῶν
745 1824 830 1888 ἐθνῶν
864 1827 1027 1901 συνήσθιεν.
1063 1829 1135 1895 Hoc
1171 1830 1369 1896 Antioohiae
1389 1847 1465 1895 11011

310 1932 467 2014 faciebat,
487 1928 694 2008 φοβούμενος
714 1932 851 2011 -quod
884 1951 975 1998 nunc
998 1935 1134 2000 demum
1157 1936 1193 2001 in
1216 1936 1325 2019 aprico
1347 1938 1402 2002 est
1420 1973 1456 1981 —

311 2035 379 2106 τοὺς
414 2037 447 2100 ἐκ
480 2041 663 2115 περιτομῆς,
694 2054 801 2117 quum
831 2039 1015 2105 secundum
1038 2039 1223 2125 [vulgatum
1245 2044 1381 2107 textum
1404 2059 1464 2106 ex-

313 2145 516 2226 spectaverit
537 2143 705 2226 quispiam
725 2141 795 2212 τοὺς
817 2143 879 2206 cini
900 2144 1059 2220 Ἰακώβου.
1071 2147 1188 2228 ltaque
1201 2148 1330 2231 Cephas
1343 2164 1465 2213 revera

311 2249 487 2316 simulator
517 2252 589 2332 est,
623 2249 680 2330 qui
703 2250 825 2332 decipit
848 2251 1031 2317 Ecclesiam
1054 2252 1301 2319 Antiochenam
1324 2253 1463 2319 celando
1491 2333 1494 2336 ,

310 2372 347 2420 se
376 2358 477 2421 antea
506 2356 584 2421 alibi
615 2355 732 2424 ἐθνικῶς
763 2356 900 2422 vixisse.
935 2357 989 2422 Sic
1019 2360 1155 2424 demum
1184 2361 1306 2426 dicitur
1329 2360 1463 2440 Cephas

310 2463 468 2543 perpetuo
491 2462 618 2527 vixisse
639 2461 759 2526 κ’θνικῶο
782 2465 818 2528 et
841 2464 962 2529 merito
985 2464 1016 2529 ei
1039 2465 1271 2549 exprobratur,
1298 2465 1383 2548 quod
1401 2483 1460 2531 ex-

310 2568 486 2648 probratur
510 2585 560 2632 vs
587 2564 653 2632 141.

355 2674 436 2755 Quis
461 2675 666 2755 illeoephas
689 2676 806 2758 fuerit,
831 2677 1039 2762 ignoramus,
1067 2680 1124 2744 sed
1147 2682 1326 2762 postquam
1349 2668 1455 2746 latius

309 2781 469 2862 sonando
499 2782 642 2847 firmiter
671 2782 782 2848 haesit
813 2783 922 2864 opinio
953 2785 1043 2850 huno
1074 2785 1220 2866 Cepham
1243 2788 1356 2867 ipsum
1380 2803 1457 2852 esse

309 2884 449 2951 Petrum
471 2887 673 2967 Apostolum
696 2890 732 2953 et
754 2906 863 2953 unum
882 2889 922 2953 de
942 2907 1081 2955 numero
1102 2892 1159 2953 τῶν
1181 2890 1342 2955 δοκούντων
1355 2892 1456 2959 staec

308 2988 401 3069 εἶναι,
432 2992 557 3059 Paulus
589 2994 771 3075 Episcopus
802 2994 1031 3073 fragmentum
1059 2996 1107 3062 sio
1131 2996 1325 3079 simpliciter
1347 3001 1456 3063 trans-

307 3101 449 3165 scribere
472 3118 541 3165 non
564 3104 705 3181 poterat.
738 3099 815 3165 Non
838 3100 937 3167 Petro
958 3100 1090 3183 culpam
1114 3104 1271 3168 attribuit
1293 3104 1351 3169 sed
1369 3104 1458 3170 vitu-

307 3208 403 3287 perat
421 3206 554 3284 ignotos
573 3205 751 3289 quosdam,
774 3204 860 3275 τινὰς
886 3205 948 3267 aial
969 3207 1138 3284 Ἰοοκθβον,
1160 3226 1240 3274 nam
1259 3212 1353 3277 amat
1364 3210 1455 3291 Epis·

306 3329 410 3392 copus
433 3310 583 3376 densare
607 3312 733 3376 crimen
755 3312 792 3377 in
814 3312 946 3392 ignotos
970 3313 1137 3396 homines,
1163 3314 1204 3379 ci.
1233 3316 1269 3396 i,
1295 3316 1333 3380 7:
1360 3316 1384 3377 εἰ
1408 3315 1453 3392 μθ

306 3415 384 3487 τινές
416 3417 491 3481 εἶσιν
522 3419 548 3480 oi
578 3415 784 3496 ταράσσοντες
817 3421 853 3483 eii
879 3417 909 3499 ὃ,
938 3419 996 3499 10,
1017 3420 1059 3484 ad
1081 3438 1182 3501 quem
1204 3421 1315 3487 locum
1336 3424 1454 3503 postea

307 3523 489 3590 redibimus
502 3519 536 3600 1).
694 3587 700 3611 ζ
1036 3596 1038 3601 ,

355 3630 414 3695 Vs,
448 3629 489 3693 14
520 3630 698 3694 delendum
727 3633 781 3694 (aab
811 3634 863 3693 τοῦ
888 3630 1095 3713 thearchiam
1120 3632 1173 3697 hic
1196 3634 1288 3700 enim
1312 3634 1451 3700 minime

307 3736 478 3818 quaeritur
511 3736 699 3801 cuiusmodi
732 3736 778 3800 sit
813 3753 932 3801 verum
969 3738 1190 3816 Evangelium
1229 3739 1454 3804 debeamusve

307 3843 423 3911 ἐθνικῶς
447 3840 500 3920 ζῆν
523 3859 567 3906 an
591 3842 775 3919 ἰονδοοϊκῶι,
801 3843 859 3908 sed
882 3843 994 3923 agitur
1018 3844 1058 3908 de
1078 3844 1238 3926 veritate,
1260 3845 1300 3910 de
1322 3845 1453 3910 sinceri-

307 3950 397 4029 tate,
421 3947 462 4011 de
484 3947 736 4028 aequabilitate3
760 3965 823 4014 nec
846 3948 942 4014 licere
963 3949 1176 4015 contenditur
1197 3950 1292 4015 nobis
1313 3948 1453 4028 θρθοδοξο-

307 4053 407 4130 τέρονο
430 4052 515 4117 velle
538 4052 643 4118 videri
660 4071 763 4134 quam
781 4070 897 4136 reapse
915 4054 1033 4120 simus.
1054 4054 1184 4121 Verum
1195 4056 1285 4121 hisce
1298 4056 1453 4121 correctis

305 4158 533 4239 fragmentum
563 4159 784 4225 utilissimum
807 4161 869 4226 est.
900 4160 964 4225 Hic
987 4160 1126 4226 minime
1149 4161 1342 4243 disputatur
1365 4163 1453 4228 inter

330 4325 496 4335 -—-——.-

361 4441 390 4502 1)
400 4413 471 4491 Nunc
487 4440 582 4488 demum
598 4442 695 4503 apparet
713 4453 785 4502 quem
803 4440 868 4487 recte
885 4438 943 4489 oiim
961 4440 1133 4489 correxerimus
1150 4456 1185 4490 vs.
1204 4441 1248 4490 11:
1267 4439 1307 4489 irc
1325 4439 1451 4505 κατέγνω-

309 4541 353 4589 μεν
369 4522 397 4583 ὃς
413 4519 447 4581 ἢν.
465 4520 515 4587 Qui
530 4521 575 4571 hoc
591 4520 683 4586 primus
699 4520 807 4585 scripsit,
825 4524 896 4571 norat
911 4537 996 4571 revers
1012 4522 1090 4587 qualis
1105 4524 1176 4572 homo
1186 4523 1278 4589 cephas
1295 4528 1369 4585 esset;
1379 4529 1450 4575 norst

309 4624 364 4659 sum
377 4609 489 4672 perpetuo
505 4599 601 4660 ἔθνιιιὸς
613 4603 700 4652 rivere.
717 4601 772 4652 Nisi
788 4602 833 4652 hoc
850 4603 1017 4669 comperisset,
1026 4604 1165 4655 concidisset
1180 4604 1446 4657 simuletioniscrimsn.
