3192 5325
835 525 876 590 32

279 706 479 790 terpositus,
505 709 594 772 recte
613 708 677 786 legi
696 708 820 790 poterit
839 707 959 774 statim
978 712 1055 789 post
1076 727 1127 775 vs.
1151 710 1217 775 14¹³.
1239 710 1326 776 Vere
1338 709 1436 774 enim

281 813 399 879 ludaei
421 831 523 894 quam
544 814 651 892 legam
674 814 737 879 sibi
756 814 1011 895 destruxerant,
1032 814 1218 881 Gentilibus
1238 817 1435 881 1111111111-

281 919 499 984 aedificabant
534 919 569 984 11
600 938 699 985 suam
729 920 879 1001 ipsorum
910 920 1233 987 condemnationem.
1269 921 1434 1004 Siquam

280 1025 344 1104 legi
362 1027 556 1092 etiamnunc
579 1028 818 1093 auctoritatem
838 1027 1049 1108 tribuebant,
1076 1046 1112 1093 se
1137 1028 1227 1110 ipsos
1250 1029 1435 1094 constitue-

282 1132 365 1197 bant
387 1135 585 1215 peccatores.
611 1133 749 1214 Reliqua
772 1134 808 1199 in
827 1132 880 1208 his
899 1133 1052 1198 versibus
1074 1133 1283 1199 Christianus
1295 1134 1435 1215 quidam

281 1238 459 1321 adscripsit
473 1234 506 1319 ¹);
538 1238 645 1304 multa
669 1255 712 1305 11
743 1238 882 1317 intelligi
904 1238 1040 1318 quidam
1063 1237 1245 1325 possunt²l
1269 1244 1305 1304 et
1327 1238 1435 1305 semel

280 1345 423 1431 sortasse
446 1344 569 1424 aliquid
593 1345 676 1409 bene
700 1345 918 1409 enunciatum
941 1347 994 1409 ast
1007 1345 1050 1428 8);
1075 1361 1133 1425 per
1156 1347 1268 1412 omnia
1288 1345 1434 1427 scriptor

282 1451 336 1515 sui
359 1436 530 1516 dissimilis
543 1451 580 1534 ⁴).
605 1449 669 1515 seu
693 1453 877 1529 utcumque
902 1450 1056 1516 dehisce
1080 1451 1344 1532 existimabitur,
1364 1452 1432 1532 pel·

254 1645 256 1649 ·
280 1557 393 1622 lucent
416 1556 452 1621 in
474 1558 538 1621 hac
561 1557 711 1638 pericope
735 1556 821 1620 duae
843 1556 1101 1640 propositiones,
1127 1574 1211 1637 quae
1235 1559 1270 1624 in
1291 1575 1432 1638 sequen-

281 1663 386 1727 tibus,
403 1662 539 1728 uberius
569 1664 778 1727 tractantur:
803 1661 828 1724 Ι.
853 1661 971 1726 Judaei
994 1663 1158 1728 mundani
1181 1664 1240 1744 qni
1262 1680 1430 1748 paganos,

282 1768 402 1850 quibus
426 1768 545 1848 volupe
564 1770 618 1832 est
636 1766 744 1832 Deurn
763 1766 881 1849 colere,
903 1767 985 1846 legis
1005 1768 1148 1834 uinculis
1167 1769 1342 1852 irretiunt,
1364 1769 1434 1849 ipsi

282 1873 355 1938 suis
379 1873 534 1937 manibus
559 1872 644 1953 quod
668 1872 890 1936 instituerunt
915 1873 1041 1955 iacere,
1066 1874 1259 1940 destruunt.
1287 1874 1434 1940 111111

283 1979 419 2045 Judaeis
443 1981 597 2062 tantum,
624 1978 682 2043 sed
706 1979 863 2044 omnibus
887 1979 1084 2046 mortalibus
1108 1997 1188 2045 vera
1208 1981 1341 2062 iustitia
1363 1980 1433 2045 fide

282 2088 449 2152 censetur.
558 2144 560 2149 .

328 2193 368 2256 In
399 2191 500 2256 tertio
526 2191 637 2272 capite
667 2191 744 2256 inde
777 2193 819 2257 ab
850 2209 951 2258 versu
984 2193 1004 2256 6
1028 2193 1200 2274 usquead
1225 2210 1361 2258 versum
1385 2192 1432 2257 25

282 2299 437 2365 videmus
456 2297 618 2378 quomodo
638 2297 786 2363 iudaeus
807 2297 876 2380 ille,
898 2315 997 2380 quem
1006 2299 1204 2380 jamdudum
1217 2300 1430 2381 quaerimuS,

282 2405 423 2471 alteram
465 2403 724 2484 propositionem
764 2405 943 2470 lectoribus
977 2406 1267 2471 commendaverit.
1305 2405 1432 2486 Arguit

282 2509 472 2592 conJ'unctio
495 2506 591 2580 καθώς
614 2510 711 2576 initio
733 2510 859 2591 posita,
879 2513 1042 2590 quaedam
1060 2512 1214 2596 periisse,
1236 2529 1342 2594 neque
1361 2511 1430 2578 ullo

281 2616 415 2685 1111111
438 2617 615 2683 cohaerent
637 2633 707 2682 uss.
735 2615 754 2680 5
778 2619 813 2681 et
837 2617 867 2682 6.

327 2724 419 2805 Quod
449 2723 734 2789 demonstrabitur
762 2740 829 2787 uss.
865 2724 886 2787 6
920 2742 990 2805 sqq.
1019 2725 1069 2790 ita
1092 2725 1287 2791 describitur
1310 2744 1361 2791 vs.
1388 2727 1428 2791 7:

283 2831 308 2895 ot
341 2830 375 2891 ἐκ
408 2830 539 2906 riscus,
570 2825 648 2892 οὗτοι
680 2828 737 2891 uiui
760 2829 834 2891 εἰσιν
859 2828 1019 2907 Ἀβραάμ.
1056 2831 1096 2895 11
1131 2848 1170 2896 11
1204 2832 1429 2912 propositione

278 2936 493 3020 illustranda,
531 2935 643 3001 omnia
678 2950 769 3001 mere
798 2935 936 3001 Judaica
949 2937 974 3020 ὅ)
1005 2940 1103 3020 1111,
1138 2938 1225 3018 quod
1248 2940 1430 3018 sequentes

287 3068 482 3079 ——.-—-———

316 3148 341 3205 1)
357 3146 397 3193 Vs.
416 3145 455 3193 lo.
475 3140 554 3191 Facile
571 3139 708 3203 agnoscitur
726 3139 866 3189 Christiana
883 3137 1014 3200 διασκευή,
1029 3144 1082 3190 tum
1095 3145 1194 3207 propter
1208 3157 1317 3207 praesens
1333 3140 1429 3199 εἰδότες

284 3232 339 3278 ante
361 3222 543 3283 ἐπιςεόσιιμεν,
558 3226 611 3270 tum
628 3224 728 3287 propter
744 3218 902 3283 ἄσόγκλωςιι
924 3222 977 3272 illa:
998 3220 1092 3281 εἰδότες
1114 3221 1154 3270 ὅτι
1179 3220 1206 3271 ab
1226 3220 1366 3271 δικαιοῦται
1386 3222 1429 3271 av-

284 3308 374 3371 θρωπος
396 3304 423 3372 ἐξ
446 3304 523 3368 ’ἔργων
546 3304 620 3363 νόμον
706 3298 891 3363 ἐπιςεύσιιμεν.
962 3303 1002 3352 ὅτι
1021 3300 1048 3369 ἐξ
1066 3302 1143 3367 ’ἔργων
1162 3308 1236 3365 νόμον
1256 3302 1283 3353 ab
1301 3302 1428 3362 δικαιωθή-

284 3406 358 3441 σεται
376 3392 448 3438 πᾶσα
461 3385 531 3452 σάρξ.

316 3474 343 3539 2)
362 3473 402 3521 Vs.
421 3470 460 3523 17.
478 3469 528 3534 Qui
545 3468 639 3533 quaerIt
652 3467 786 3531 justitiam,
804 3470 910 3519 nondam
926 3469 1040 3518 continuo
1058 3471 1167 3535 peccator
1183 3472 1227 3519 est.
1246 3471 1287 3519 Vs.
1305 3470 1366 3529 raa,
1384 3471 1424 3520 21.

319 3556 346 3621 3)
363 3554 405 3603 Vs.
423 3552 477 3601 20a.

315 3638 344 3700 4)
361 3637 401 3685 Vs.
422 3633 479 3683 lab:
498 3631 598 3694 7116εῷ
617 3628 687 3697 ζήσω
705 3632 1084 3699 1121111111111111111111.
1105 3650 1138 3683 vs.
1156 3635 1210 3683 201.

316 3720 343 3784 5)
360 3718 427 3767 Mero
442 3715 570 3764 Iudaicum
588 3718 612 3763 et
628 3715 668 3764 hic
675 3718 700 3764 et
708 3715 765 3764 alibi
774 3716 921 3781 appellamus
929 3717 993 3780 quod
1002 3717 1102 3781 proiecit
1112 3716 1140 3766 ab
1150 3716 1179 3765 iis
1188 3718 1204 3765 J
1207 3717 1285 3766 udaeis
1294 3756 1300 3778 ,
1310 3718 1351 3782 qui
1361 3719 1425 3767 Mes·

280 3803 441 3863 siampesum
453 3801 477 3847 et
492 3798 625 3861 Christum)
642 3798 709 3847 avide
724 3803 896 3864 exspectantes,
915 3800 1019 3848 nondum
1037 3799 1291 3849 inaudiverantadesse
1300 3803 1426 3865 tempuset

278 3887 329 3951 jam
346 3885 374 3933 de
390 3882 455 3931 coelo
473 3880 616 3930 descendisse
633 3880 676 3929 τὸν
693 3883 807 3942 Σωτῆρα,
824 3882 867 3929 τὸν
886 3882 982 3943 χριςόν.
1001 3882 1088 3930 Adbuc
1105 3880 1238 3931 Judaieum
1255 3882 1426 3947 appellabimus

282 3965 398 4033 quidquid
415 3963 516 4029 proiecit
533 3961 562 4011 ab
579 3962 620 4021 iis,
637 3963 679 4027 qui
696 3961 740 4012 sibi
754 3963 806 4027 jam
826 3962 1034 4028 repraesentabant
1052 3961 1131 4024 κύριον
1152 3964 1246 4020 Ἰησοῦν
1263 3967 1385 4014 mortuum
1402 3968 1427 4013 et

282 4050 428 4101 suscitatum.
453 4046 617 4095 Christianum
639 4045 739 4109 denique
762 4045 829 4094 nobis
846 4045 891 4094 erit
907 4044 1023 4109 quidquid
1042 4050 1093 4095 erat
1115 4045 1213 4095 illorum
1231 4044 1371 4108 σεβομένων
1387 4048 1426 4096 vel

281 4130 449 4187 metuentium,
466 4143 522 4177 nam
539 4127 583 4177 hoc
600 4127 713 4176 vocabalo
731 4129 851 4176 Romania
869 4142 923 4176 usos
939 4127 1011 4176 fuisse
1029 4128 1202 4192 comperimus,
1220 4129 1275 4193 qui,
1299 4146 1373 4193 quum
1389 4145 1430 4178 ne·

282 4231 329 4281 111
351 4211 437 4261 Judaei
458 4227 533 4274 neque
556 4208 656 4273 gentiles
679 4213 768 4268 essent,
791 4202 842 4272 jam
860 4214 992 4272 cognorant
1011 4210 1141 4275 perfectam
1159 4211 1287 4269 virtutem,
1305 4228 1365 4275 quae
1381 4212 1429 4261 fuit

282 4300 308 4349 in
331 4294 403 4358 κυρίῳ
428 4294 509 4349 Ἰησοῦ
515 4314 522 4352 ;
548 4308 595 4356 qua
618 4293 643 4340 in
667 4308 692 4340 re
708 4296 760 4341 toto
778 4292 844 4340 coelo
862 4291 981 4340 distabant
1000 4294 1028 4341 ab
1047 4291 1090 4349 iis,
1108 4292 1205 4356 quibus,
1224 4292 1293 4341 sicuti
1311 4294 1426 4351 diximus,

282 4394 349 4429 mere
371 4375 498 4425 iudaicam
521 4376 545 4422 et
567 4373 644 4422 adhuc
665 4372 793 4421 iudaicam
817 4370 986 4436 probabantur.
1010 4374 1089 4437 Quam
1107 4373 1282 4438 persuasionem
1299 4374 1428 4439 1111111-

283 4476 350 4512 mum
365 4457 496 4509 ridebimus
511 4457 538 4505 ia
553 4459 622 4505 statu
638 4454 746 4504 maenti
762 4459 786 4503 et
803 4454 888 4518 pannis
905 4454 1039 4503 involutam
1055 4458 1169 4516 tanquam
1186 4455 1302 4505 infantem
1319 4456 1345 4505 in
1359 4471 1430 4523 prae-

283 4544 361 4611 sepio,
378 4540 519 4607 procedente
535 4553 606 4604 opere
623 4536 701 4585 multo
717 4534 804 4586 melius
822 4550 995 4599 cognoscemus.
