3192 5325
909 552 972 618 190

362 731 506 797 missum
529 731 633 798 fuisse
655 733 697 798 ad
720 730 887 816 Gentiles,
914 737 954 798 11
977 733 1166 815 acciperent
1191 733 1418 799 remissionem
1434 748 1499 812 pec-

363 840 513 902 catorum
544 838 735 904 Christiana
765 839 845 915 fide,
876 857 961 920 quae
984 839 1067 905 fides
1090 842 1225 906 constat
1247 839 1305 920 iis,
1330 856 1410 920 quae
1430 837 1499 900 Pro·

362 942 482 1023 phetae
511 941 613 1009 locuti
636 950 718 1011 sunt
740 947 856 1011 ibtura
878 963 951 1012 1111
974 949 1010 1010 11
1033 945 1166 1028 Moyses
1189 951 1252 1021 (vs.
1280 945 1354 1028 22);
1378 945 1499 1025 quibus·
1573 933 1574 982 l

362 1065 440 1113 cum
463 1067 622 1130 compone
644 1049 755 1117 locum
778 1069 878 1133 quem
902 1069 1003 1132 supra
1027 1069 1070 1117 err
1094 1052 1237 1117 Eusebio
1260 1051 1482 1116 excitavimus.

407 1155 470 1220 Hic
501 1156 604 1236 igitur
634 1175 746 1222 coram
776 1159 925 1240 Agrippa
957 1175 1065 1224 omne.
1081 1160 1168 1239 quod
1191 1159 1320 1240 proprio
1344 1174 1439 1222 sensu
1458 1156 1499 1218 ad

363 1260 587 1327 Christianam
618 1262 718 1329 fldem
748 1264 911 1347 pertinet,
938 1265 1044 1353 multo
1067 1264 1311 1344 significantius
1333 1263 1500 1343 exponitur

362 1368 397 1430 et
420 1367 521 1433 simul
541 1369 695 1434 videmus
715 1369 941 1434 Christianam
960 1370 1152 1449 religionem
1172 1367 1500 1436 secundum'Paulum

362 1489 435 1538 esse
469 1474 752 1556 complementum
787 1479 823 1540 et
858 1477 1093 1558 perfectionem
1128 1476 1252 1542 veteris
1284 1473 1500 1552 Testamenti,

360 1597 432 1645 rem
462 1581 649 1647 considerat
681 1581 795 1649 eodem
827 1583 924 1647 modo
948 1600 1012 1664 quo
1035 1582 1088 1647 ille
1113 1582 1170 1663 qui
1193 1581 1341 1663 primum
1364 1581 1502 1658 Evange-
1574 1585 1575 1594 ³

361 1684 444 1749 lium
468 1685 618 1767 scripsit,
640 1686 822 1752 identidem
841 1688 968 1752 addens
983 1687 1314 1773 „utadimpleretur”
1331 1689 1364 1763 ¹).
1387 1684 1503 1750 Deinde

361 1807 400 1855 ea
429 1791 541 1870 religio
570 1793 713 1859 refertur
746 1793 930 1858 secundum
962 1809 1040 1858 eum
1071 1793 1113 1858 ad
1136 1811 1241 1858 unam
1264 1793 1416 1873 pluresve
1438 1807 1501 1870 111,

360 1913 444 1978 quae
476 1897 579 1962 oculis
610 1899 786 1964 hominum
817 1899 986 1980 subjectae
1017 1899 1155 1964 11111111
1181 1896 1347 1981 (videus.
1373 1894 1501 1973 26111.

362 2021 464 2084 supra
487 2021 519 2084 p.
546 2006 620 2070 167.
1575 2052 1576 2132 1

406 2109 446 2172 In
464 2112 584 2191 quarta
603 2114 638 2176 et
657 2114 827 2192 postrema
847 2113 931 2178 serie
946 2111 1093 2178 locorum
1112 2113 1195 2192 quos
1219 2110 1499 2188 examinavimus
1575 2133 1576 2204 p

362 2213 503 2280 Paulum
537 2217 755 2296 cognovimus
782 2218 947 2299 intrepido
971 2219 1084 2283 animo
1107 2217 1242 2283 obviam
1266 2219 1406 2282 euntem
1429 2214 1501 2296 peri·
1575 2209 1576 2278 7

363 2320 452 2403 culo,
486 2323 542 2387 sed
566 2323 709 2389 eundem
732 2325 774 2389 ad
797 2323 1100 2390 dissimulationem
1124 2341 1230 2406 usque
1253 2322 1498 2399 meticulosum,

363 2427 469 2494 sicubi
499 2429 534 2493 in
557 2429 680 2511 judicio
703 2431 850 2496 rationes
873 2430 1057 2496 reddendae
1080 2433 1163 2495 sunt
1185 2429 1276 2494 vitae
1299 2431 1380 2494 ante
1403 2429 1500 2492 actae.

302 2524 305 2528 ’
363 2532 469 2599 Simul
503 2534 735 2619 intelligimus,
773 2536 957 2601 secundum
992 2536 1133 2600 Paulum
1169 2553 1235 2600 non
1265 2551 1345 2599 vero
1375 2532 1501 2598 nomine

362 2640 569 2707 Christianos
600 2641 736 2710 iudaeis
763 2643 902 2724 opponi,
930 2642 987 2708 sed
1009 2658 1049 2709 ea
1074 2645 1128 2709 est
1151 2642 1239 2707 inter
1262 2645 1440 2722 utramque
1460 2654 1501 2702 re-

360 2745 515 2827 ligionem
546 2749 632 2813 ratio
663 2766 747 2829 quae
778 2752 832 2814 est
862 2750 951 2813 inter
981 2766 1116 2829 germen
1142 2747 1209 2814 1111
1232 2748 1449 2813 commissum
1470 2746 1502 2807 et

361 2856 512 2919 maturos
542 2856 681 2919 fructus.
714 2855 802 2919 Hinc
824 2855 924 2921 libere
948 2855 1124 2936 profitetur
1147 2871 1183 2919 11
1204 2854 1378 2919 iudaicam
1401 2852 1501 2931 legem
1576 2838 1577 2903 ἒ

360 2962 545 3026 observare.
562 2961 638 3025 Nec
650 2962 881 3044 contendebat,
896 2978 932 3026 se
944 2979 1011 3026 noa
1022 2978 1096 3026 esse
1109 2960 1270 3025 Iudaeum
1281 2960 1339 3023 scd
1351 2956 1501 3023 Christia-

361 3084 460 3131 num:
484 3067 552 3133 imo
570 3068 682 3148 potius
701 3067 808 3132 fidelis
825 3067 976 3134 Israelita
996 3069 1069 3132 erat
1088 3069 1189 3147 atque
1202 3066 1271 3131 idco
1285 3065 1501 3130 Christianus.

409 3174 474 3239 Hic
501 3174 647 3254 primum
670 3190 737 3238 non
760 3172 873 3237 licebit
895 3173 990 3238 nobis
1013 3171 1115 3238 talem
1139 3170 1233 3237 Pauli
1256 3171 1437 3251 imaginem
1459 3186 1501 3233 re-

358 3278 475 3360 jicere,
508 3280 594 3359 quod
626 3279 683 3343 ab.
699 3278 858 3343 historica
888 3278 951 3343 fide
974 3278 1082 3343 aliena
1107 3278 1168 3358 sit,
1194 3277 1260 3342 nisi
1283 3279 1365 3341 aute
1388 3274 1501 3340 consti·

361 3382 442 3447 terit
473 3385 635 3461 genuinas
657 3401 731 3450 esse
755 3400 895 3463 magnas
918 3383 1014 3449 Pauli
1037 3382 1207 3463 Epistulas
1231 3398 1316 3463 quae
1339 3382 1499 3462 dicuntur,

361 3490 397 3553 et
428 3488 593 3568 imprimis
624 3489 811 3569 Epistulam
833 3490 875 3554 ad
899 3488 1047 3555 Galatas.
1072 3490 1201 3555 Verum
1224 3488 1350 3553 nostris
1374 3488 1502 3552 adnota-

355 3586 510 3658 tionibus
540 3593 668 3658 effioere
700 3594 885 3675 voluimus,
909 3595 996 3660 hanc
1019 3594 1210 3677 opinionem
1233 3611 1335 3675 quam
1360 3594 1503 3674 primum

360 3699 577 3764 deserendam
600 3716 691 3781 esse;
717 3702 834 3765 contra
856 3700 1096 3781 propemodum
1120 3700 1303 3765 necessario
1327 3698 1428 3763 delati
1448 3698 1503 3762 sui-

360 3823 454 3890 mus,
480 3808 520 3870 ut
543 3805 789 3886 suspicaremur
811 3806 915 3871 fuisse
938 3806 1084 3871 Paulum*
1105 3806 1271 3887 quendam
1294 3805 1501 3887 Episcopum,

361 3912 419 3994 qui
453 3929 521 3976 non
555 3911 657 3977 nimis
687 3912 818 3977 diverso
849 3912 981 3991 ingenio
1013 3912 1114 3977 luerit
1137 3913 1179 3976 ab
1202 3928 1240 3976 eo
1263 3910 1382 3993 Pau10,
1408 3926 1505 3990 quem

361 4017 450 4083 Acta
473 4020 607 4082 norunt.
633 4017 751 4082 Nonne
771 4018 843 4083 fieri
861 4018 988 4102 potuit,
1010 4021 1051 4083 ut
1071 4018 1213 4098 scriptor
1224 4016 1361 4098 quidam
1372 4017 1504 4095 ignotus

361 4123 451 4187 hunc
469 4126 624 4188 nostrum
642 4124 784 4189 Paulum
804 4121 1006 4205 Episcopum
1024 4123 1187 4189 delineare
1206 4122 1349 4189 voluerit
1368 4122 1505 4203 indeque

361 4228 517 4309 prodierit
540 4228 665 4311 imago,
691 4247 794 4311 quam
817 4230 906 4295 Acta
928 4228 1012 4299 dant
1036 4229 1132 4296 nobis
1156 4227 1447 4311 conspiciendam?
1469 4226 1505 4292 ld

367 4389 554 4403 -nafl

397 4504 422 4566 1)
446 4502 536 4554 Itidem
551 4503 651 4553 Romae:
672 4502 793 4569 uPropter
809 4518 875 4569 spem
890 4503 964 4554 Israel
977 4506 1060 4554 octona
1073 4504 1117 4553 huc
1131 4503 1290 4554 circumdatur
1305 4500 1375 4553 111111”
1386 4502 1437 4566 (28,
1447 4502 1504 4569 20),

364 4587 394 4641 cf.
411 4603 445 4638 rr.
463 4586 503 4637 28.
