3192 5325
638 592 700 654 179

107 775 232 854 professi
253 778 288 841 11
311 774 437 839 nobiles
461 774 495 839 in
520 772 707 853 Apostoiis!
733 773 802 838 Neo
821 773 928 852 magis
949 777 1049 840 antea
1062 776 1240 856 quidquam

106 882 188 946 nobis
209 882 402 947 innotuerat
426 881 466 946 de
489 879 641 959 cognatis
665 879 739 944 eius
762 889 845 957 (uss.
874 881 932 961 11;
960 881 1026 965 21).

146 988 263 1053 Verum
287 988 323 1053 in
347 986 596 1074 introductione
619 986 654 1052 11
678 985 713 1051 in
733 980 905 1067 Epilog01)
925 985 988 1050 duo
1010 1004 1129 1052 versus
1149 990 1240 1062 sunt,

106 1093 156 1173 qui
182 1094 368 1173 dignissimi
390 1096 472 1158 sunt
495 1095 536 1158 ad
561 1110 643 1174 quos
667 1094 819 1157 animum
843 1090 1070 1158 attendamus.
1094 1094 1241 1173 evange·
1332 1167 1334 1172 ,

104 1198 189 1274 lium,
212 1200 299 1280 quod
323 1199 359 1264 in
381 1198 444 1264 hae
462 1197 912 1279 Epistulaoommendatur,
942 1231 973 1244 -
1004 1199 1240 1280 evangelium,

20 1359 21 1362 ,
106 1306 153 1370 uti
177 1305 340 1385 diximus,
372 1305 413 1368 de
444 1305 505 1369 Dei
529 1304 596 1369 filio
619 1304 654 1368 in
678 1308 748 1384 quo
767 1303 917 1368 nondum
938 1303 1032 1369 loeus
1055 1309 1109 1370 est
1132 1306 1238 1388 oruoi,
1296 1304 1298 1310 ’

102 1411 164 1492 iam
190 1410 394 1492 promissum
426 1410 536 1475 111111
568 1426 627 1491 per
650 1409 832 1491 Prophetas
856 1411 904 1492 (1,
934 1410 1034 1493 1-3)
1059 1413 1094 1474 11
1118 1414 1241 1493 myste-

104 1516 181 1581 rium
214 1515 299 1600 (vei,
331 1516 407 1580 vide
437 1533 488 1580 vs.
525 1516 577 1596 25,
603 1515 764 1598 κήρυγμα)
789 1514 913 1580 Christi
937 1515 1107 1596 scriptoris
1131 1519 1267 1581 aetate

105 1623 298 1700 patefactum
329 1624 383 1686 est
414 1638 480 1686 non
511 1621 702 1702 apostolicis
724 1620 833 1703 ituris,
860 1619 1144 1700 11111ι1γραφῶν
1169 1644 1241 1699 προ-

104 1733 226 1803 Φκτικῶν
251 1727 323 1808 (16,
350 1728 414 1804 26).

141 1833 182 1898 Hi
210 1834 275 1899 duo
298 1832 360 1898 looi
383 1834 443 1897 vix
465 1833 569 1914 pluris
589 1832 761 1898 aestimari
785 1835 949 1914 possunt,
975 1851 1077 1913 quam
1099 1837 1240 1914 oportet.

103 1937 276 2019 conponat
296 1938 372 2020 quis
390 1939 525 2004 Eusebii
547 1938 657 2004 looum
680 1955 699 2003 1
723 1938 837 2019 Praep.
863 1931 990 2018 evang.
1018 1940 1055 2021 i,
1079 1938 1118 2003 t:

142 2045 284 2121 Ἀνίωμεν
309 2043 358 2107 ἐπὶ
379 2046 433 2119 τὴν
452 2047 569 2123 πρῶτνν
590 2043 787 2124 κατηγορίαν,
810 2043 861 2106 καὶ
883 2044 962 2114 τίνες
982 2042 1064 2115 ὄντες
1085 2045 1136 2109 καί
1152 2045 1241 2110 πόθεν

101 2149 251 2227 ὁρμώμενοι
283 2159 344 2220 τοῖς
376 2157 547 2230 διερωτῶσιν
580 2149 835 2228 ἀποκρινούμεθα.
868 2145 914 2212 ὅτι
938 2151 994 2226 μὲν
1022 2147 1070 2215 οὖν
1097 2152 1130 2214 τὸ
1155 2153 1241 2228 γένος

101 2251 239 2330 Ἕλληνες
263 2255 347 2327 ίντες
371 2256 422 2320 καί
447 2258 490 2320 τοὶ
514 2257 668 2330 Ἑλλήνων
687 2261 865 2334 Φρονυῦντες
886 2257 919 2319 ἐκ
939 2257 1089 2320 παντοίων
1108 2282 1142 2322 τε
1156 2259 1241 2322 ἐθνῶν

100 2363 135 2434 ῶς
157 2361 192 2426 θον
210 2364 369 2428 νεολέκτου
393 2367 522 2443 ςρατιῶς
543 2361 676 2439 λογοίδις
697 2360 924 2439 συνειλεγμένοι
947 2369 1001 2435 τῆς
1015 2365 1143 2442 πατρίου
1156 2365 1240 2428 δεισι-

101 2465 248 2544 δαιμονίας
281 2466 441 2535 οὶποςοίται
470 2469 699 2552 καθεςιίκαμεν,
725 2465 789 2532 οὐδ’
815 2466 852 2531 θον
884 2468 972 2532 αὐτοί
995 2491 1070 2533 ποτε
1091 2469 1209 2549 οἰρννρθεί
1228 2507 1241 2520 -

102 2595 167 2648 μεν·
191 2576 278 2639 οὶλλίι
302 2576 354 2639 καί
379 2571 424 2640 ὅτι
449 2583 520 2647 ταῖς
545 2576 726 2645 Ἰουδαϊκαῑς
751 2573 877 2650 βίβλοις
903 2575 1141 2655 προσανέχοντες
1168 2579 1242 2640 κοίκ

102 2688 165 2745 τῶν
194 2685 287 2763 παρ’
324 2685 467 2753 αὐτοῖς
504 2668 759 2760 προΦντειῶν
793 2682 842 2746 τθι
876 2690 1030 2749 uarice
1059 2688 1128 2747 τοῦ
1152 2686 1240 2748 καθ’

102 2788 199 2863 ἡμᾶς
222 2789 347 2866 λ’θγου
372 2788 625 2865 συνοίγονσες
651 2788 745 2853 οὐκέθ’
772 2788 878 2864 ὁμοίως
904 2787 956 2868 ζῆν
980 2799 1042 2857 τοῖς
1068 2792 1100 2853 ἐκ
1121 2814 1240 2869 περιτυ-

101 2902 155 2970 μῆς
167 2897 333 2976 προσφιλὲς
357 2896 531 2980 ἡγούμεθα,
552 2896 603 2959 καί
618 2898 701 2960 τοῦτ’
714 2894 751 2959 διν
763 2896 888 2960 αὐτόθεν
902 2896 1151 2974 ὁμολογήσαιμεν
1165 2948 1173 2964 .
1188 2946 1195 2961 .
1210 2946 1218 2963 .
1233 2945 1240 2960 .

237 3005 301 3075 πῶς
334 3001 399 3069 rev
431 3002 465 3067 τὸ
498 3001 625 3080 εὔλογον
661 3008 806 3076 τῆςτῶν
838 3001 1008 3067 Ἰουδαϊκῶν
1043 3002 1240 3082 γραμμάτων

101 3108 300 3185 καταδιῶξεως
330 3112 442 3186 Φανείν
478 3113 522 3185 μὴ
554 3110 624 3191 οὐχί
663 3108 793 3183 καὶτῆς
820 3108 932 3173 τούτων
956 3111 1065 3186 αρετῆς
1089 3110 1239 3190 ἀποδειχ-

101 3216 208 3294 θείονς;
241 3218 299 3281 τίνι
322 3240 356 3281 τε
382 3230 463 3295 λογῳ
489 3216 548 3286 τθις
574 3220 645 3294 παρ’
671 3216 775 3285 αὐτοῖς
799 3217 930 3295 γραφὰς
957 3214 1165 3295 ῶσπαζθμενοι
1189 3215 1240 3278 τὸν

20 3357 21 3374 2
101 3318 190 3397 θμοιον
214 3328 266 3390 τοῦ
289 3323 360 3401 βίον
383 3323 489 3403 τρόπον
515 3322 720 3397 αποκλίνομεν
744 3328 846 3393 καλῶς
871 3320 908 3385 διν
933 3320 1000 3402 ἔχοι
1024 3324 1161 3397 διελθεῖν,
1187 3321 1237 3385 καί

101 3428 145 3492 ἐπὶ
169 3434 245 3494 τῶσι
265 3430 312 3500 τίς
337 3432 352 3492 ὅ
375 3428 443 3492 καθ’
468 3430 552 3504 ἧμας
577 3435 630 3501 τῆς
656 3429 865 3504 εὖαγγελικῆς
885 3427 1049 3499 ὑποθέσεως
1071 3427 1162 3504 λθγοο
1187 3427 1239 3491 καί

101 3536 141 3605 τίς
175 3534 211 3600 διν
243 3536 347 3615 κυρίως
379 3534 506 3614 λεχθείη
539 3537 553 3597 o'
584 3532 817 3614 χριςιανισμθς,
851 3532 930 3597 οὔθ’
966 3527 1251 3609 ἙλληνισμὸςΙ

100 3640 139 3705 ῶν
173 3642 265 3708 οὔτε
301 3640 581 3724 Ἰουδαϊσμός,
617 3638 731 3703 οὶλλοί
766 3662 827 3709 τις
860 3640 973 3712 καινὴ
998 3640 1064 3704 καί
1088 3642 1239 3713 οὶλνθὴς

101 3748 298 3829 θεοσοφία,
335 3747 377 3825 ἐξ
412 3748 538 3822 αὐτῆς
574 3756 644 3821 τῆς
676 3747 947 3824 προσηγορίας
972 3749 1040 3819 τὴν
1064 3769 1239 3811 καινοτο-

100 3856 189 3930 μίαν
220 3854 469 3932 ἐπαγομένη.

88 3988 90 3992 ’
140 3963 212 4029 Non
242 3964 401 4044 poterunt
435 3960 516 4025 talia
546 3960 630 4025 satis
662 3961 751 4024 11111
784 3959 954 4042 explicari,
992 3958 1055 4023 nisi
1089 3961 1241 4024 nostram

100 4069 316 4150 suspicionem
339 4067 505 4149 sequaris,
531 4064 701 4146 Epistulas
720 4082 763 4129 ex
781 4064 928 4129 Judaiois
950 4064 1148 4143 fragmentis
1168 4082 1240 4131 oon·

100 4172 193 4241 tatas
215 4192 301 4241 esse.

190 4327 279 4335 .—-

133 4403 157 4468 l)
176 4401 240 4467 Quid
257 4400 413 4466 manuscripti
429 4398 487 4449 libri
502 4402 621 4449 testentur
637 4398 666 4447 de
682 4396 798 4463 crepitibus
817 4398 847 4446 15
868 4400 891 4447 et
909 4397 940 4446 le
956 4396 1009 4447 vide
1024 4397 1086 4461 apud
1096 4396 1237 4457 Reussium,

103 4482 379 4547 distemperantia
394 4482 514 4542 Βοιιιοὶιιι,
533 4480 700 4531 Ῑιιίνοῶυσίέιιιι
717 4496 743 4546 p.
761 4477 792 4530 17
811 4495 860 4544 sqq.
