<?xml version="1.0" encoding="UTF-8"?>
<!DOCTYPE html PUBLIC "-//W3C//DTD XHTML 1.0 Transitional//EN"
    "http://www.w3.org/TR/xhtml1/DTD/xhtml1-transitional.dtd">
<html xmlns="http://www.w3.org/1999/xhtml" xml:lang="en" lang="en">
 <head>
  <title>
</title>
<meta http-equiv="Content-Type" content="text/html;charset=utf-8" />
  <meta name='ocr-system' content='tesseract 3.04.00' />
  <meta name='ocr-capabilities' content='ocr_page ocr_carea ocr_par ocr_line ocrx_word'/>
</head>
<body>
  <div class='ocr_page' id='page_1' title='image "./verisimilialace00nabegoog_0158.png"; bbox 0 0 3192 5325; ppageno 0'>
   <div class='ocr_carea' id='block_1_1' title="bbox 868 536 932 602">
    <p class='ocr_par' dir='ltr' id='par_1_1' title="bbox 868 536 932 602">
     <span class='ocr_line' id='line_1_1' title="bbox 868 536 932 602; baseline 0.016 -1"><span class='ocrx_word' id='word_1_1' title='bbox 868 536 932 602; x_wconf 83' lang='lat'>134</span> 
     </span>
    </p>
   </div>
   <div class='ocr_carea' id='block_1_2' title="bbox 326 715 1471 908">
    <p class='ocr_par' dir='ltr' id='par_1_2' title="bbox 326 715 1471 908">
     <span class='ocr_line' id='line_1_2' title="bbox 326 715 1467 804; baseline -0.011 -9"><span class='ocrx_word' id='word_1_2' title='bbox 326 717 439 800; x_wconf 78' lang='lat' dir='ltr'>jungit</span> <span class='ocrx_word' id='word_1_3' title='bbox 460 715 664 783; x_wconf 77' lang='lat' dir='ltr'>Genetivum</span> <span class='ocrx_word' id='word_1_4' title='bbox 688 716 752 782; x_wconf 74' lang='grc' dir='ltr'>θεοῦ</span> <span class='ocrx_word' id='word_1_5' title='bbox 777 716 859 802; x_wconf 66' lang='lat' dir='ltr'>art,</span> <span class='ocrx_word' id='word_1_6' title='bbox 884 722 925 786; x_wconf 92' lang='lat' dir='ltr'>ut</span> <span class='ocrx_word' id='word_1_7' title='bbox 948 717 1038 786; x_wconf 90' lang='lat' dir='ltr'>Deus</span> <span class='ocrx_word' id='word_1_8' title='bbox 1060 719 1117 802; x_wconf 91' lang='lat' dir='ltr'>qni</span> <span class='ocrx_word' id='word_1_9' title='bbox 1140 720 1316 804; x_wconf 85' lang='lat' dir='ltr'>aliquando</span> <span class='ocrx_word' id='word_1_10' title='bbox 1337 743 1467 798; x_wconf 75' lang='grc' dir='ltr'><strong>νενεκρω·</strong></span> 
     </span>
     <span class='ocr_line' id='line_1_3' title="bbox 330 821 1471 908; baseline -0.008 -9"><span class='ocrx_word' id='word_1_11' title='bbox 330 824 410 901; x_wconf 70' lang='grc' dir='ltr'><strong>μένε</strong></span> <span class='ocrx_word' id='word_1_12' title='bbox 440 821 561 899; x_wconf 65' lang='grc' dir='ltr'><strong><em>σώματι</em></strong></span> <span class='ocrx_word' id='word_1_13' title='bbox 592 823 751 905; x_wconf 86' lang='lat' dir='ltr'>pristinas</span> <span class='ocrx_word' id='word_1_14' title='bbox 774 825 863 892; x_wconf 85' lang='lat' dir='ltr'>vires</span> <span class='ocrx_word' id='word_1_15' title='bbox 886 825 1089 908; x_wconf 75' lang='lat' dir='ltr'>reddiderat,</span> <span class='ocrx_word' id='word_1_16' title='bbox 1114 826 1204 893; x_wconf 91' lang='lat' dir='ltr'>Deus</span> <span class='ocrx_word' id='word_1_17' title='bbox 1227 828 1386 894; x_wconf 89' lang='lat' dir='ltr'>evaderet</span> <span class='ocrx_word' id='word_1_18' title='bbox 1410 825 1471 907; x_wconf 74' lang='grc' dir='ltr'><em>ζοο·</em></span> 
     </span>
    </p>
   </div>
   <div class='ocr_carea' id='block_1_3' title="bbox 329 916 1578 1440">
    <p class='ocr_par' dir='ltr' id='par_1_3' title="bbox 329 916 1577 1232">
     <span class='ocr_line' id='line_1_4' title="bbox 330 916 1577 1014; baseline 0.006 -21"><span class='ocrx_word' id='word_1_19' title='bbox 330 934 420 994; x_wconf 74' lang='grc' dir='ltr'><strong>πονῶν</strong></span> <span class='ocrx_word' id='word_1_20' title='bbox 450 929 519 999; x_wconf 78' lang='grc' dir='ltr'>τοὺς</span> <span class='ocrx_word' id='word_1_21' title='bbox 551 928 679 1006; x_wconf 77' lang='grc' dir='ltr'><strong>νεκρούς.</strong></span> <span class='ocrx_word' id='word_1_22' title='bbox 712 931 784 998; x_wconf 91' lang='lat' dir='ltr'>Hoc</span> <span class='ocrx_word' id='word_1_23' title='bbox 807 932 837 997; x_wconf 91' lang='lat' dir='ltr'>si</span> <span class='ocrx_word' id='word_1_24' title='bbox 856 933 927 1014; x_wconf 84' lang='lat' dir='ltr'>jam</span> <span class='ocrx_word' id='word_1_25' title='bbox 950 950 1149 1014; x_wconf 90' lang='lat' dir='ltr'>persuasum</span> <span class='ocrx_word' id='word_1_26' title='bbox 1171 934 1291 999; x_wconf 81' lang='lat' dir='ltr'>diisset</span> <span class='ocrx_word' id='word_1_27' title='bbox 1316 935 1469 1000; x_wconf 86' lang='lat' dir='ltr'>Abrahae</span> <span class='ocrx_word' id='word_1_28' title='bbox 1572 916 1577 943; x_wconf 78' lang='lat'><em>¹</em></span> 
     </span>
     <span class='ocr_line' id='line_1_5' title="bbox 329 1031 1577 1122; baseline 0.005 -20"><span class='ocrx_word' id='word_1_29' title='bbox 329 1055 380 1103; x_wconf 93' lang='grc' dir='ltr'>νε.</span> <span class='ocrx_word' id='word_1_30' title='bbox 415 1040 467 1120; x_wconf 84' lang='grc'>17,</span> <span class='ocrx_word' id='word_1_31' title='bbox 498 1040 636 1119; x_wconf 89' lang='lat' dir='ltr'>apparet</span> <span class='ocrx_word' id='word_1_32' title='bbox 661 1039 771 1104; x_wconf 90' lang='lat' dir='ltr'>locum</span> <span class='ocrx_word' id='word_1_33' title='bbox 794 1055 861 1104; x_wconf 92' lang='lat' dir='ltr'>non</span> <span class='ocrx_word' id='word_1_34' title='bbox 883 1038 1019 1121; x_wconf 80' lang='lat' dir='ltr'>relinqui</span> <span class='ocrx_word' id='word_1_35' title='bbox 1045 1040 1119 1105; x_wconf 88' lang='lat' dir='ltr'>fidei</span> <span class='ocrx_word' id='word_1_36' title='bbox 1145 1040 1270 1106; x_wconf 88' lang='lat' dir='ltr'>sensim</span> <span class='ocrx_word' id='word_1_37' title='bbox 1294 1041 1466 1122; x_wconf 88' lang='lat' dir='ltr'>paulatim-</span> <span class='ocrx_word' id='word_1_38' title='bbox 1576 1031 1577 1081; x_wconf 57' lang='lat'>³</span> 
     </span>
     <span class='ocr_line' id='line_1_6' title="bbox 329 1144 1577 1232; baseline 0.003 -23"><span class='ocrx_word' id='word_1_39' title='bbox 329 1160 392 1226; x_wconf 88' lang='lat' dir='ltr'>qne</span> <span class='ocrx_word' id='word_1_40' title='bbox 415 1144 640 1210; x_wconf 88' lang='lat' dir='ltr'>corroboratae</span> <span class='ocrx_word' id='word_1_41' title='bbox 662 1162 702 1210; x_wconf 88' lang='lat' dir='ltr'>ac</span> <span class='ocrx_word' id='word_1_42' title='bbox 720 1145 857 1211; x_wconf 83' lang='lat' dir='ltr'>tandem</span> <span class='ocrx_word' id='word_1_43' title='bbox 876 1145 1086 1226; x_wconf 92' lang='lat' dir='ltr'>triumphum</span> <span class='ocrx_word' id='word_1_44' title='bbox 1109 1147 1222 1226; x_wconf 87' lang='lat' dir='ltr'>agenti</span> <span class='ocrx_word' id='word_1_45' title='bbox 1234 1153 1297 1224; x_wconf 85' lang='grc' dir='ltr'><strong>(νε.</strong></span> <span class='ocrx_word' id='word_1_46' title='bbox 1315 1147 1469 1232; x_wconf 86' lang='grc'><strong>19-21).</strong></span> <span class='ocrx_word' id='word_1_47' title='bbox 1576 1153 1577 1160; x_wconf 78' lang='grc'>’</span> 
     </span>
    </p>

    <p class='ocr_par' dir='ltr' id='par_1_4' title="bbox 330 1249 1578 1440">
     <span class='ocr_line' id='line_1_7' title="bbox 376 1249 1578 1336; baseline 0.002 -19"><span class='ocrx_word' id='word_1_48' title='bbox 376 1251 503 1317; x_wconf 90' lang='lat' dir='ltr'>Verum</span> <span class='ocrx_word' id='word_1_49' title='bbox 526 1250 605 1316; x_wconf 91' lang='lat' dir='ltr'>illud</span> <span class='ocrx_word' id='word_1_50' title='bbox 629 1249 780 1331; x_wconf 76' lang='grc' dir='ltr'><em>ζωοποιεῖν</em></span> <span class='ocrx_word' id='word_1_51' title='bbox 803 1251 965 1317; x_wconf 78' lang='lat' dir='ltr'>reductori</span> <span class='ocrx_word' id='word_1_52' title='bbox 987 1252 1094 1318; x_wconf 89' lang='lat' dir='ltr'>totius</span> <span class='ocrx_word' id='word_1_53' title='bbox 1116 1251 1164 1318; x_wconf 93' lang='lat' dir='ltr'>rei</span> <span class='ocrx_word' id='word_1_54' title='bbox 1187 1253 1283 1319; x_wconf 92' lang='lat' dir='ltr'>cardo</span> <span class='ocrx_word' id='word_1_55' title='bbox 1306 1259 1371 1320; x_wconf 89' lang='lat' dir='ltr'>est.</span> <span class='ocrx_word' id='word_1_56' title='bbox 1400 1255 1471 1320; x_wconf 88' lang='lat' dir='ltr'>Pro·</span> <span class='ocrx_word' id='word_1_57' title='bbox 1577 1315 1578 1336; x_wconf 16' lang='grc' dir='ltr'><strong>ξ</strong></span> 
     </span>
     <span class='ocr_line' id='line_1_8' title="bbox 330 1357 1578 1440; baseline 0.001 -18"><span class='ocrx_word' id='word_1_58' title='bbox 330 1361 425 1440; x_wconf 89' lang='lat' dir='ltr'>perat</span> <span class='ocrx_word' id='word_1_59' title='bbox 454 1358 496 1423; x_wconf 91' lang='lat' dir='ltr'>ad</span> <span class='ocrx_word' id='word_1_60' title='bbox 519 1358 599 1423; x_wconf 89' lang='lat' dir='ltr'>Jesu</span> <span class='ocrx_word' id='word_1_61' title='bbox 622 1357 900 1424; x_wconf 88' lang='lat' dir='ltr'>resurrectionem</span> <span class='ocrx_word' id='word_1_62' title='bbox 922 1360 958 1423; x_wconf 92' lang='lat' dir='ltr'>et</span> <span class='ocrx_word' id='word_1_63' title='bbox 980 1359 1023 1424; x_wconf 87' lang='lat' dir='ltr'>ad</span> <span class='ocrx_word' id='word_1_64' title='bbox 1046 1360 1345 1439; x_wconf 80' lang='lat' dir='ltr'>comparationem:</span> <span class='ocrx_word' id='word_1_65' title='bbox 1371 1361 1471 1427; x_wconf 87' lang='lat' dir='ltr'>Abra·</span> <span class='ocrx_word' id='word_1_66' title='bbox 1577 1395 1578 1423; x_wconf 56' lang='grc' dir='ltr'><em>ο</em></span> 
     </span>
    </p>
   </div>
   <div class='ocr_carea' id='block_1_4' title="bbox 329 1444 1578 1549">
    <p class='ocr_par' dir='ltr' id='par_1_5' title="bbox 329 1444 1578 1549">
     <span class='ocr_line' id='line_1_9' title="bbox 329 1444 1578 1549; baseline -0.002 -16"><span class='ocrx_word' id='word_1_67' title='bbox 329 1465 391 1532; x_wconf 90' lang='lat' dir='ltr'>hae</span> <span class='ocrx_word' id='word_1_68' title='bbox 414 1465 522 1532; x_wconf 91' lang='lat' dir='ltr'>instar</span> <span class='ocrx_word' id='word_1_69' title='bbox 543 1465 673 1531; x_wconf 87' lang='lat' dir='ltr'>credere</span> <span class='ocrx_word' id='word_1_70' title='bbox 695 1465 854 1530; x_wconf 88' lang='lat' dir='ltr'>dehemus</span> <span class='ocrx_word' id='word_1_71' title='bbox 881 1463 989 1531; x_wconf 90' lang='lat' dir='ltr'>Deum</span> <span class='ocrx_word' id='word_1_72' title='bbox 1012 1481 1102 1549; x_wconf 91' lang='lat' dir='ltr'>esse,</span> <span class='ocrx_word' id='word_1_73' title='bbox 1127 1466 1185 1547; x_wconf 90' lang='lat' dir='ltr'>qui</span> <span class='ocrx_word' id='word_1_74' title='bbox 1206 1465 1344 1543; x_wconf 75' lang='grc' dir='ltr'><strong>νέκρωσιν</strong></span> <span class='ocrx_word' id='word_1_75' title='bbox 1367 1469 1403 1532; x_wconf 93' lang='lat' dir='ltr'>in</span> <span class='ocrx_word' id='word_1_76' title='bbox 1427 1467 1470 1532; x_wconf 85' lang='lat' dir='ltr'>vi-</span> <span class='ocrx_word' id='word_1_77' title='bbox 1575 1444 1578 1475; x_wconf 75' lang='lat'>²</span> 
     </span>
    </p>
   </div>
   <div class='ocr_carea' id='block_1_5' title="bbox 328 1562 1579 1762">
    <p class='ocr_par' dir='ltr' id='par_1_6' title="bbox 328 1562 1579 1762">
     <span class='ocr_line' id='line_1_10' title="bbox 328 1562 1579 1653; baseline -0.014 -14"><span class='ocrx_word' id='word_1_78' title='bbox 328 1575 402 1638; x_wconf 92' lang='lat' dir='ltr'>tam</span> <span class='ocrx_word' id='word_1_79' title='bbox 416 1576 552 1637; x_wconf 87' lang='lat' dir='ltr'>revocat</span> <span class='ocrx_word' id='word_1_80' title='bbox 570 1589 673 1653; x_wconf 88' lang='lat' dir='ltr'>eaque</span> <span class='ocrx_word' id='word_1_81' title='bbox 694 1571 882 1638; x_wconf 86' lang='lat' dir='ltr'>certissima</span> <span class='ocrx_word' id='word_1_82' title='bbox 894 1571 976 1636; x_wconf 86' lang='lat' dir='ltr'>fides</span> <span class='ocrx_word' id='word_1_83' title='bbox 989 1573 1105 1638; x_wconf 89' lang='lat' dir='ltr'>nostra</span> <span class='ocrx_word' id='word_1_84' title='bbox 1116 1569 1267 1642; x_wconf 72' lang='grc' dir='ltr'><em>δοκοίωοος</em></span> <span class='ocrx_word' id='word_1_85' title='bbox 1280 1573 1353 1640; x_wconf 73' lang='lat' dir='ltr'>fiori</span> <span class='ocrx_word' id='word_1_86' title='bbox 1365 1574 1470 1639; x_wconf 67' lang='lat' dir='ltr'>debet,</span> <span class='ocrx_word' id='word_1_87' title='bbox 1575 1562 1579 1634; x_wconf 77' lang='lat' dir='ltr'>l</span> 
     </span>
     <span class='ocr_line' id='line_1_11' title="bbox 329 1675 1579 1762; baseline -0.004 -18"><span class='ocrx_word' id='word_1_88' title='bbox 329 1675 408 1762; x_wconf 83' lang='lat' dir='ltr'>Sed,</span> <span class='ocrx_word' id='word_1_89' title='bbox 446 1679 499 1743; x_wconf 92' lang='lat' dir='ltr'>uti</span> <span class='ocrx_word' id='word_1_90' title='bbox 528 1679 638 1759; x_wconf 81' lang='lat' dir='ltr'>rides,</span> <span class='ocrx_word' id='word_1_91' title='bbox 672 1677 834 1744; x_wconf 76' lang='lat' dir='ltr'>claudicat</span> <span class='ocrx_word' id='word_1_92' title='bbox 863 1695 903 1744; x_wconf 90' lang='lat' dir='ltr'>ea</span> <span class='ocrx_word' id='word_1_93' title='bbox 933 1678 1151 1762; x_wconf 89' lang='lat' dir='ltr'>comparatio,</span> <span class='ocrx_word' id='word_1_94' title='bbox 1183 1695 1265 1745; x_wconf 92' lang='lat' dir='ltr'>nam</span> <span class='ocrx_word' id='word_1_95' title='bbox 1300 1679 1471 1746; x_wconf 87' lang='lat' dir='ltr'>Abraham</span> <span class='ocrx_word' id='word_1_96' title='bbox 1575 1714 1579 1762; x_wconf 60' lang='lat'><em>7</em></span> 
     </span>
    </p>
   </div>
   <div class='ocr_carea' id='block_1_6' title="bbox 328 1783 1468 1869">
    <p class='ocr_par' dir='ltr' id='par_1_7' title="bbox 328 1783 1468 1869">
     <span class='ocr_line' id='line_1_12' title="bbox 328 1783 1468 1869; baseline 0.002 -19"><span class='ocrx_word' id='word_1_97' title='bbox 328 1785 432 1850; x_wconf 91' lang='lat' dir='ltr'>credit</span> <span class='ocrx_word' id='word_1_98' title='bbox 461 1784 570 1850; x_wconf 89' lang='lat' dir='ltr'>Deum</span> <span class='ocrx_word' id='word_1_99' title='bbox 600 1783 722 1866; x_wconf 88' lang='lat' dir='ltr'>aliquid</span> <span class='ocrx_word' id='word_1_100' title='bbox 741 1783 922 1869; x_wconf 78' lang='lat' dir='ltr'>facturum</span> <span class='ocrx_word' id='word_1_101' title='bbox 946 1802 1040 1850; x_wconf 89' lang='lat' dir='ltr'>esse:</span> <span class='ocrx_word' id='word_1_102' title='bbox 1066 1785 1149 1851; x_wconf 90' lang='lat' dir='ltr'>fides</span> <span class='ocrx_word' id='word_1_103' title='bbox 1174 1788 1280 1851; x_wconf 78' lang='lat' dir='ltr'>anteit·</span> <span class='ocrx_word' id='word_1_104' title='bbox 1301 1789 1337 1852; x_wconf 91' lang='lat' dir='ltr'>et</span> <span class='ocrx_word' id='word_1_105' title='bbox 1360 1803 1468 1852; x_wconf 87' lang='lat' dir='ltr'>neces-</span> 
     </span>
    </p>
   </div>
   <div class='ocr_carea' id='block_1_7' title="bbox 328 1884 1579 1972">
    <p class='ocr_par' dir='ltr' id='par_1_8' title="bbox 328 1884 1579 1972">
     <span class='ocr_line' id='line_1_13' title="bbox 328 1884 1579 1972; baseline -0.003 -13"><span class='ocrx_word' id='word_1_106' title='bbox 328 1893 417 1958; x_wconf 89' lang='lat' dir='ltr'>saria</span> <span class='ocrx_word' id='word_1_107' title='bbox 439 1891 584 1957; x_wconf 90' lang='lat' dir='ltr'>conditio</span> <span class='ocrx_word' id='word_1_108' title='bbox 607 1893 661 1956; x_wconf 90' lang='lat' dir='ltr'>est</span> <span class='ocrx_word' id='word_1_109' title='bbox 682 1907 797 1956; x_wconf 91' lang='lat' dir='ltr'>eorum</span> <span class='ocrx_word' id='word_1_110' title='bbox 820 1907 904 1972; x_wconf 90' lang='lat' dir='ltr'>quae</span> <span class='ocrx_word' id='word_1_111' title='bbox 927 1891 1024 1970; x_wconf 50' lang='lat' dir='ltr'>lton&amp;</span> <span class='ocrx_word' id='word_1_112' title='bbox 1047 1891 1103 1972; x_wconf 90' lang='lat' dir='ltr'>qui</span> <span class='ocrx_word' id='word_1_113' title='bbox 1125 1895 1240 1957; x_wconf 88' lang='lat' dir='ltr'>autem</span> <span class='ocrx_word' id='word_1_114' title='bbox 1260 1893 1402 1957; x_wconf 92' lang='lat' dir='ltr'>credunt</span> <span class='ocrx_word' id='word_1_115' title='bbox 1425 1893 1471 1958; x_wconf 85' lang='lat' dir='ltr'>Je·</span> <span class='ocrx_word' id='word_1_116' title='bbox 1575 1884 1579 1935; x_wconf 92' lang='lat'>:</span> 
     </span>
    </p>
   </div>
   <div class='ocr_carea' id='block_1_8' title="bbox 330 1995 1474 2835">
    <p class='ocr_par' dir='ltr' id='par_1_9' title="bbox 330 1995 1471 2400">
     <span class='ocr_line' id='line_1_14' title="bbox 330 1995 1471 2081; baseline -0.001 -17"><span class='ocrx_word' id='word_1_117' title='bbox 330 2017 408 2064; x_wconf 91' lang='lat' dir='ltr'>sum</span> <span class='ocrx_word' id='word_1_118' title='bbox 431 1997 631 2081; x_wconf 83' lang='lat' dir='ltr'>surrexisse,</span> <span class='ocrx_word' id='word_1_119' title='bbox 656 1997 797 2062; x_wconf 92' lang='lat' dir='ltr'>credunt</span> <span class='ocrx_word' id='word_1_120' title='bbox 820 1997 927 2062; x_wconf 87' lang='lat' dir='ltr'>Deum</span> <span class='ocrx_word' id='word_1_121' title='bbox 950 1995 1220 2080; x_wconf 79' lang='lat' dir='ltr'>aliquidseciese,</span> <span class='ocrx_word' id='word_1_122' title='bbox 1246 1998 1401 2064; x_wconf 89' lang='lat' dir='ltr'>nechdes</span> <span class='ocrx_word' id='word_1_123' title='bbox 1419 2015 1471 2063; x_wconf 91' lang='lat' dir='ltr'>an·</span> 
     </span>
     <span class='ocr_line' id='line_1_15' title="bbox 331 2103 1469 2186; baseline -0.003 -14"><span class='ocrx_word' id='word_1_124' title='bbox 331 2105 453 2172; x_wconf 82' lang='lat' dir='ltr'>cecedit</span> <span class='ocrx_word' id='word_1_125' title='bbox 475 2103 529 2170; x_wconf 88' lang='lat' dir='ltr'>vel</span> <span class='ocrx_word' id='word_1_126' title='bbox 551 2103 696 2171; x_wconf 90' lang='lat' dir='ltr'>conditio</span> <span class='ocrx_word' id='word_1_127' title='bbox 718 2120 791 2170; x_wconf 88' lang='lat' dir='ltr'>esse</span> <span class='ocrx_word' id='word_1_128' title='bbox 814 2105 927 2184; x_wconf 90' lang='lat' dir='ltr'>potest</span> <span class='ocrx_word' id='word_1_129' title='bbox 949 2120 1065 2169; x_wconf 89' lang='lat' dir='ltr'>eorum</span> <span class='ocrx_word' id='word_1_130' title='bbox 1088 2104 1258 2186; x_wconf 84' lang='lat' dir='ltr'>quaejam</span> <span class='ocrx_word' id='word_1_131' title='bbox 1278 2103 1469 2170; x_wconf 84' lang='lat' dir='ltr'>factasunt.</span> 
     </span>
     <span class='ocr_line' id='line_1_16' title="bbox 331 2209 1470 2295; baseline 0 -18"><span class='ocrx_word' id='word_1_132' title='bbox 331 2209 366 2278; x_wconf 79' lang='lat' dir='ltr'>Si</span> <span class='ocrx_word' id='word_1_133' title='bbox 395 2210 597 2294; x_wconf 86' lang='lat' dir='ltr'>comparatio</span> <span class='ocrx_word' id='word_1_134' title='bbox 630 2212 721 2276; x_wconf 87' lang='lat' dir='ltr'>recte</span> <span class='ocrx_word' id='word_1_135' title='bbox 746 2209 906 2276; x_wconf 88' lang='lat' dir='ltr'>instituta</span> <span class='ocrx_word' id='word_1_136' title='bbox 933 2209 1035 2290; x_wconf 83' lang='lat' dir='ltr'>foret,</span> <span class='ocrx_word' id='word_1_137' title='bbox 1061 2212 1161 2276; x_wconf 86' lang='lat' dir='ltr'>verbo</span> <span class='ocrx_word' id='word_1_138' title='bbox 1186 2219 1310 2283; x_wconf 75' lang='grc' dir='ltr'>ποιῆσον</span> <span class='ocrx_word' id='word_1_139' title='bbox 1333 2229 1385 2278; x_wconf 90' lang='grc' dir='ltr'>νε.</span> <span class='ocrx_word' id='word_1_140' title='bbox 1412 2213 1470 2295; x_wconf 85' lang='grc'>21,</span> 
     </span>
     <span class='ocr_line' id='line_1_17' title="bbox 330 2307 1247 2400; baseline 0 -18"><span class='ocrx_word' id='word_1_141' title='bbox 330 2319 451 2400; x_wconf 92' lang='lat' dir='ltr'>opponi</span> <span class='ocrx_word' id='word_1_142' title='bbox 472 2334 568 2399; x_wconf 90' lang='lat' dir='ltr'>posse</span> <span class='ocrx_word' id='word_1_143' title='bbox 591 2316 725 2382; x_wconf 88' lang='lat' dir='ltr'>deberet</span> <span class='ocrx_word' id='word_1_144' title='bbox 747 2333 798 2381; x_wconf 90' lang='grc' dir='ltr'>νε.</span> <span class='ocrx_word' id='word_1_145' title='bbox 826 2317 867 2380; x_wconf 87' lang='grc'>24</span> <span class='ocrx_word' id='word_1_146' title='bbox 891 2316 1049 2388; x_wconf 80' lang='lat' dir='ltr'>futurum</span> <span class='ocrx_word' id='word_1_147' title='bbox 1073 2307 1247 2395; x_wconf 72' lang='grc' dir='ltr'>ἕνεοοῦνοοι.</span> 
     </span>
    </p>

    <p class='ocr_par' dir='ltr' id='par_1_10' title="bbox 331 2422 1474 2835">
     <span class='ocr_line' id='line_1_18' title="bbox 375 2422 1474 2505; baseline 0 -15"><span class='ocrx_word' id='word_1_148' title='bbox 375 2424 444 2490; x_wconf 90' lang='lat' dir='ltr'>Nec</span> <span class='ocrx_word' id='word_1_149' title='bbox 469 2425 578 2502; x_wconf 85' lang='lat' dir='ltr'>magis</span> <span class='ocrx_word' id='word_1_150' title='bbox 608 2422 755 2488; x_wconf 85' lang='lat' dir='ltr'>cernitur</span> <span class='ocrx_word' id='word_1_151' title='bbox 785 2422 927 2487; x_wconf 89' lang='lat' dir='ltr'>tertium</span> <span class='ocrx_word' id='word_1_152' title='bbox 956 2423 1213 2504; x_wconf 87' lang='lat' dir='ltr'>comparationis</span> <span class='ocrx_word' id='word_1_153' title='bbox 1246 2424 1333 2505; x_wconf 87' lang='lat' dir='ltr'>quod</span> <span class='ocrx_word' id='word_1_154' title='bbox 1368 2424 1474 2490; x_wconf 91' lang='lat' dir='ltr'>Deum</span> 
     </span>
     <span class='ocr_line' id='line_1_19' title="bbox 331 2528 1471 2614; baseline 0.001 -18"><span class='ocrx_word' id='word_1_155' title='bbox 331 2531 596 2610; x_wconf 90' lang='lat' dir='ltr'>omnipotentem</span> <span class='ocrx_word' id='word_1_156' title='bbox 622 2546 696 2594; x_wconf 89' lang='lat' dir='ltr'>esse</span> <span class='ocrx_word' id='word_1_157' title='bbox 718 2529 901 2610; x_wconf 91' lang='lat' dir='ltr'>credimus,</span> <span class='ocrx_word' id='word_1_158' title='bbox 925 2528 1021 2594; x_wconf 87' lang='lat' dir='ltr'>cuius</span> <span class='ocrx_word' id='word_1_159' title='bbox 1044 2529 1090 2595; x_wconf 87' lang='lat' dir='ltr'>rei</span> <span class='ocrx_word' id='word_1_160' title='bbox 1115 2529 1315 2596; x_wconf 91' lang='lat' dir='ltr'>documenta</span> <span class='ocrx_word' id='word_1_161' title='bbox 1337 2531 1471 2614; x_wconf 75' lang='lat' dir='ltr'>damna,</span> 
     </span>
     <span class='ocr_line' id='line_1_20' title="bbox 331 2634 1471 2722; baseline 0 -19"><span class='ocrx_word' id='word_1_162' title='bbox 331 2636 502 2703; x_wconf 86' lang='lat' dir='ltr'>Abraham</span> <span class='ocrx_word' id='word_1_163' title='bbox 532 2636 613 2701; x_wconf 93' lang='lat' dir='ltr'>dum</span> <span class='ocrx_word' id='word_1_164' title='bbox 644 2634 781 2701; x_wconf 90' lang='lat' dir='ltr'>credidit</span> <span class='ocrx_word' id='word_1_165' title='bbox 811 2634 917 2701; x_wconf 89' lang='lat' dir='ltr'>filium</span> <span class='ocrx_word' id='word_1_166' title='bbox 947 2635 1156 2703; x_wconf 86' lang='lat' dir='ltr'>nasciturum</span> <span class='ocrx_word' id='word_1_167' title='bbox 1176 2652 1266 2722; x_wconf 90' lang='lat' dir='ltr'>esse,</span> <span class='ocrx_word' id='word_1_168' title='bbox 1293 2637 1471 2704; x_wconf 85' lang='lat' dir='ltr'>Christiani</span> 
     </span>
     <span class='ocr_line' id='line_1_21' title="bbox 331 2742 1474 2835; baseline 0.002 -27"><span class='ocrx_word' id='word_1_169' title='bbox 331 2745 461 2826; x_wconf 87' lang='lat' dir='ltr'>autem,</span> <span class='ocrx_word' id='word_1_170' title='bbox 495 2758 600 2835; x_wconf 86' lang='lat' dir='ltr'>quum</span> <span class='ocrx_word' id='word_1_171' title='bbox 629 2742 671 2808; x_wconf 89' lang='lat' dir='ltr'>iis</span> <span class='ocrx_word' id='word_1_172' title='bbox 698 2758 898 2823; x_wconf 86' lang='lat' dir='ltr'>persuasum</span> <span class='ocrx_word' id='word_1_173' title='bbox 921 2742 967 2807; x_wconf 89' lang='lat' dir='ltr'>sit</span> <span class='ocrx_word' id='word_1_174' title='bbox 989 2742 1097 2809; x_wconf 90' lang='lat' dir='ltr'>Deum</span> <span class='ocrx_word' id='word_1_175' title='bbox 1117 2742 1224 2809; x_wconf 88' lang='lat' dir='ltr'>fihum</span> <span class='ocrx_word' id='word_1_176' title='bbox 1247 2761 1348 2809; x_wconf 91' lang='lat' dir='ltr'>suum</span> <span class='ocrx_word' id='word_1_177' title='bbox 1372 2744 1408 2810; x_wconf 94' lang='lat' dir='ltr'>in</span> <span class='ocrx_word' id='word_1_178' title='bbox 1431 2744 1474 2810; x_wconf 85' lang='lat' dir='ltr'>vi·</span> 
     </span>
    </p>
   </div>
   <div class='ocr_carea' id='block_1_9' title="bbox 331 2848 1583 3891">
    <p class='ocr_par' dir='ltr' id='par_1_11' title="bbox 331 2848 1583 3895">
     <span class='ocr_line' id='line_1_22' title="bbox 331 2848 1579 2932; baseline 0 -16"><span class='ocrx_word' id='word_1_179' title='bbox 331 2853 404 2916; x_wconf 87' lang='lat' dir='ltr'>tam</span> <span class='ocrx_word' id='word_1_180' title='bbox 426 2848 644 2914; x_wconf 88' lang='lat' dir='ltr'>revocavisse.</span> <span class='ocrx_word' id='word_1_181' title='bbox 669 2848 733 2914; x_wconf 88' lang='lat' dir='ltr'>Sed</span> <span class='ocrx_word' id='word_1_182' title='bbox 756 2864 876 2913; x_wconf 87' lang='lat' dir='ltr'>verum</span> <span class='ocrx_word' id='word_1_183' title='bbox 899 2848 929 2913; x_wconf 90' lang='lat' dir='ltr'>si</span> <span class='ocrx_word' id='word_1_184' title='bbox 952 2848 1293 2932; x_wconf 87' lang='lat' dir='ltr'>quaererevolumus,</span> <span class='ocrx_word' id='word_1_185' title='bbox 1308 2851 1369 2916; x_wconf 94' lang='lat' dir='ltr'>hoc</span> <span class='ocrx_word' id='word_1_186' title='bbox 1381 2849 1475 2916; x_wconf 92' lang='lat' dir='ltr'>modo</span> <span class='ocrx_word' id='word_1_187' title='bbox 1576 2907 1579 2928; x_wconf 90' lang='grc'>,</span> 
     </span>
     <span class='ocr_line' id='line_1_23' title="bbox 331 2941 1580 3040; baseline 0.002 -19"><span class='ocrx_word' id='word_1_188' title='bbox 331 2957 405 3038; x_wconf 91' lang='lat' dir='ltr'>ipsa</span> <span class='ocrx_word' id='word_1_189' title='bbox 439 2956 520 3021; x_wconf 83' lang='lat' dir='ltr'>Jesu</span> <span class='ocrx_word' id='word_1_190' title='bbox 555 2954 753 3020; x_wconf 88' lang='lat' dir='ltr'>resurrectio</span> <span class='ocrx_word' id='word_1_191' title='bbox 790 2971 1039 3035; x_wconf 85' lang='lat' dir='ltr'>supervacanea</span> <span class='ocrx_word' id='word_1_192' title='bbox 1071 2954 1147 3040; x_wconf 85' lang='lat' dir='ltr'>fiet,</span> <span class='ocrx_word' id='word_1_193' title='bbox 1181 2974 1262 3022; x_wconf 91' lang='lat' dir='ltr'>nam</span> <span class='ocrx_word' id='word_1_194' title='bbox 1296 2956 1326 3022; x_wconf 90' lang='lat' dir='ltr'>si</span> <span class='ocrx_word' id='word_1_195' title='bbox 1361 2959 1476 3023; x_wconf 87' lang='lat' dir='ltr'>nostra</span> <span class='ocrx_word' id='word_1_196' title='bbox 1576 2941 1580 2958; x_wconf 84' lang='lat'>&#39;</span> 
     </span>
     <span class='ocr_line' id='line_1_24' title="bbox 331 3058 1580 3145; baseline 0.002 -18"><span class='ocrx_word' id='word_1_197' title='bbox 331 3062 413 3128; x_wconf 90' lang='lat' dir='ltr'>fides</span> <span class='ocrx_word' id='word_1_198' title='bbox 445 3077 565 3140; x_wconf 81' lang='lat' dir='ltr'>genere</span> <span class='ocrx_word' id='word_1_199' title='bbox 587 3077 654 3127; x_wconf 93' lang='lat' dir='ltr'>non</span> <span class='ocrx_word' id='word_1_200' title='bbox 677 3060 788 3125; x_wconf 87' lang='lat' dir='ltr'>differt</span> <span class='ocrx_word' id='word_1_201' title='bbox 806 3062 848 3125; x_wconf 87' lang='lat' dir='ltr'>ab</span> <span class='ocrx_word' id='word_1_202' title='bbox 872 3060 1026 3127; x_wconf 83' lang='lat' dir='ltr'>Abrahae</span> <span class='ocrx_word' id='word_1_203' title='bbox 1049 3060 1131 3145; x_wconf 85' lang='lat' dir='ltr'>fide,</span> <span class='ocrx_word' id='word_1_204' title='bbox 1157 3062 1279 3143; x_wconf 88' lang='lat' dir='ltr'>poterit</span> <span class='ocrx_word' id='word_1_205' title='bbox 1302 3062 1338 3127; x_wconf 93' lang='lat' dir='ltr'>in</span> <span class='ocrx_word' id='word_1_206' title='bbox 1361 3064 1476 3129; x_wconf 90' lang='lat' dir='ltr'>eadem</span> <span class='ocrx_word' id='word_1_207' title='bbox 1579 3058 1580 3143; x_wconf 78' lang='lat' dir='ltr'>l</span> 
     </span>
     <span class='ocr_line' id='line_1_25' title="bbox 331 3156 1580 3251; baseline 0.002 -18"><span class='ocrx_word' id='word_1_208' title='bbox 331 3186 367 3233; x_wconf 89' lang='lat' dir='ltr'>re</span> <span class='ocrx_word' id='word_1_209' title='bbox 389 3167 516 3233; x_wconf 84' lang='lat' dir='ltr'>versari</span> <span class='ocrx_word' id='word_1_210' title='bbox 539 3169 575 3231; x_wconf 91' lang='lat' dir='ltr'>et</span> <span class='ocrx_word' id='word_1_211' title='bbox 598 3183 655 3248; x_wconf 91' lang='lat' dir='ltr'>per</span> <span class='ocrx_word' id='word_1_212' title='bbox 678 3183 714 3231; x_wconf 87' lang='lat' dir='ltr'>se</span> <span class='ocrx_word' id='word_1_213' title='bbox 736 3166 871 3247; x_wconf 89' lang='lat' dir='ltr'>quidem</span> <span class='ocrx_word' id='word_1_214' title='bbox 891 3183 942 3232; x_wconf 91' lang='grc' dir='ltr'>νε.</span> <span class='ocrx_word' id='word_1_215' title='bbox 964 3168 1006 3231; x_wconf 87' lang='grc'>24</span> <span class='ocrx_word' id='word_1_216' title='bbox 1026 3172 1130 3249; x_wconf 82' lang='lat' dir='ltr'>aeque</span> <span class='ocrx_word' id='word_1_217' title='bbox 1147 3169 1231 3234; x_wconf 89' lang='lat' dir='ltr'>bene</span> <span class='ocrx_word' id='word_1_218' title='bbox 1243 3169 1342 3235; x_wconf 86' lang='lat' dir='ltr'>scribi</span> <span class='ocrx_word' id='word_1_219' title='bbox 1353 3170 1475 3251; x_wconf 88' lang='lat' dir='ltr'>potuis·</span> <span class='ocrx_word' id='word_1_220' title='bbox 1579 3156 1580 3196; x_wconf 64' lang='lat'>³</span> 
     </span>
     <span class='ocr_line' id='line_1_26' title="bbox 335 3269 1581 3356; baseline 0.001 -15"><span class='ocrx_word' id='word_1_221' title='bbox 335 3277 406 3341; x_wconf 75' lang='lat' dir='ltr'>set:</span> <span class='ocrx_word' id='word_1_222' title='bbox 423 3272 473 3335; x_wconf 70' lang='grc' dir='ltr'>ἐπὶ</span> <span class='ocrx_word' id='word_1_223' title='bbox 493 3271 544 3337; x_wconf 74' lang='grc' dir='ltr'>τὸν</span> <span class='ocrx_word' id='word_1_224' title='bbox 564 3269 793 3352; x_wconf 65' lang='lat' dir='ltr'>(coactricem</span> <span class='ocrx_word' id='word_1_225' title='bbox 812 3271 847 3337; x_wconf 77' lang='grc' dir='ltr'>τὸ</span> <span class='ocrx_word' id='word_1_226' title='bbox 868 3278 959 3348; x_wconf 71' lang='grc' dir='ltr'>σῶμα</span> <span class='ocrx_word' id='word_1_227' title='bbox 978 3272 1012 3337; x_wconf 76' lang='grc' dir='ltr'>τὸ</span> <span class='ocrx_word' id='word_1_228' title='bbox 1033 3273 1244 3352; x_wconf 75' lang='grc' dir='ltr'>νενεκρωμένον</span> <span class='ocrx_word' id='word_1_229' title='bbox 1256 3280 1310 3339; x_wconf 82' lang='grc' dir='ltr'>τοῦ</span> <span class='ocrx_word' id='word_1_230' title='bbox 1323 3276 1474 3356; x_wconf 68' lang='lat' dir='ltr'>’appetu</span> <span class='ocrx_word' id='word_1_231' title='bbox 1580 3302 1581 3333; x_wconf 63' lang='lat' dir='ltr'>r</span> 
     </span>
     <span class='ocr_line' id='line_1_27' title="bbox 332 3377 1582 3464; baseline 0 -17"><span class='ocrx_word' id='word_1_232' title='bbox 332 3398 434 3464; x_wconf 84' lang='lat' dir='ltr'>quam</span> <span class='ocrx_word' id='word_1_233' title='bbox 465 3378 514 3443; x_wconf 63' lang='lat' dir='ltr'>lul</span> <span class='ocrx_word' id='word_1_234' title='bbox 545 3377 596 3442; x_wconf 75' lang='grc' dir='ltr'>τὸν</span> <span class='ocrx_word' id='word_1_235' title='bbox 627 3379 793 3457; x_wconf 73' lang='grc' dir='ltr'><strong>ἐγείραντα</strong></span> <span class='ocrx_word' id='word_1_236' title='bbox 826 3379 941 3452; x_wconf 68' lang='grc' dir='ltr'><strong>Ἰησοῦν</strong></span> <span class='ocrx_word' id='word_1_237' title='bbox 974 3380 1007 3443; x_wconf 74' lang='grc' dir='ltr'>ἐκ</span> <span class='ocrx_word' id='word_1_238' title='bbox 1037 3386 1151 3460; x_wconf 78' lang='grc' dir='ltr'><strong>νεκρῶν.</strong></span> <span class='ocrx_word' id='word_1_239' title='bbox 1176 3378 1239 3447; x_wconf 79' lang='lat' dir='ltr'>sod</span> <span class='ocrx_word' id='word_1_240' title='bbox 1263 3384 1476 3463; x_wconf 83' lang='lat' dir='ltr'>perspicuum</span> <span class='ocrx_word' id='word_1_241' title='bbox 1581 3426 1582 3461; x_wconf 25' lang='grc' dir='ltr'>Ξ</span> 
     </span>
     <span class='ocr_line' id='line_1_28' title="bbox 333 3486 1476 3569; baseline 0.002 -16"><span class='ocrx_word' id='word_1_242' title='bbox 333 3490 387 3554; x_wconf 88' lang='lat' dir='ltr'>est</span> <span class='ocrx_word' id='word_1_243' title='bbox 405 3487 590 3552; x_wconf 90' lang='lat' dir='ltr'>secundum</span> <span class='ocrx_word' id='word_1_244' title='bbox 608 3486 827 3552; x_wconf 85' lang='lat' dir='ltr'>Redactorem</span> <span class='ocrx_word' id='word_1_245' title='bbox 846 3487 1001 3553; x_wconf 89' lang='lat' dir='ltr'>Abrahae</span> <span class='ocrx_word' id='word_1_246' title='bbox 1020 3487 1118 3554; x_wconf 88' lang='lat' dir='ltr'>fidem</span> <span class='ocrx_word' id='word_1_247' title='bbox 1139 3490 1174 3553; x_wconf 93' lang='lat' dir='ltr'>et</span> <span class='ocrx_word' id='word_1_248' title='bbox 1192 3490 1344 3554; x_wconf 91' lang='lat' dir='ltr'>nostram</span> <span class='ocrx_word' id='word_1_249' title='bbox 1359 3504 1476 3569; x_wconf 85' lang='lat' dir='ltr'>genere</span> 
     </span>
     <span class='ocr_line' id='line_1_29' title="bbox 333 3590 1583 3679; baseline 0.002 -20"><span class='ocrx_word' id='word_1_250' title='bbox 333 3594 474 3676; x_wconf 88' lang='lat' dir='ltr'>distare,</span> <span class='ocrx_word' id='word_1_251' title='bbox 495 3610 597 3673; x_wconf 89' lang='lat' dir='ltr'>quum</span> <span class='ocrx_word' id='word_1_252' title='bbox 618 3592 785 3658; x_wconf 88' lang='lat' dir='ltr'>obiectum</span> <span class='ocrx_word' id='word_1_253' title='bbox 805 3593 976 3659; x_wconf 90' lang='lat' dir='ltr'>diversum</span> <span class='ocrx_word' id='word_1_254' title='bbox 997 3594 1052 3659; x_wconf 89' lang='lat' dir='ltr'>sit.</span> <span class='ocrx_word' id='word_1_255' title='bbox 1072 3590 1261 3659; x_wconf 81' lang='lat' dir='ltr'>Secundum</span> <span class='ocrx_word' id='word_1_256' title='bbox 1280 3612 1358 3660; x_wconf 89' lang='lat' dir='ltr'>eum</span> <span class='ocrx_word' id='word_1_257' title='bbox 1372 3596 1476 3661; x_wconf 85' lang='lat' dir='ltr'>Chris-</span> <span class='ocrx_word' id='word_1_258' title='bbox 1581 3598 1583 3679; x_wconf 78' lang='lat' dir='ltr'>l</span> 
     </span>
     <span class='ocr_line' id='line_1_30' title="bbox 333 3686 1583 3783; baseline 0.002 -17"><span class='ocrx_word' id='word_1_259' title='bbox 333 3700 427 3767; x_wconf 89' lang='lat' dir='ltr'>tiana</span> <span class='ocrx_word' id='word_1_260' title='bbox 450 3697 534 3763; x_wconf 86' lang='lat' dir='ltr'>fides</span> <span class='ocrx_word' id='word_1_261' title='bbox 556 3697 753 3765; x_wconf 90' lang='lat' dir='ltr'>historicum</span> <span class='ocrx_word' id='word_1_262' title='bbox 776 3699 1035 3765; x_wconf 84' lang='lat' dir='ltr'>fundamentum</span> <span class='ocrx_word' id='word_1_263' title='bbox 1057 3700 1158 3765; x_wconf 86' lang='lat' dir='ltr'>habet</span> <span class='ocrx_word' id='word_1_264' title='bbox 1178 3718 1216 3765; x_wconf 86' lang='lat' dir='ltr'>ac</span> <span class='ocrx_word' id='word_1_265' title='bbox 1233 3701 1305 3783; x_wconf 84' lang='lat' dir='ltr'>jam</span> <span class='ocrx_word' id='word_1_266' title='bbox 1324 3702 1476 3768; x_wconf 87' lang='lat' dir='ltr'>videmus</span> <span class='ocrx_word' id='word_1_267' title='bbox 1581 3686 1583 3723; x_wconf 65' lang='lat'><em>³</em></span> 
     </span>
     <span class='ocr_line' id='line_1_31' title="bbox 334 3804 1473 3891; baseline 0.002 -21"><span class='ocrx_word' id='word_1_268' title='bbox 334 3805 496 3890; x_wconf 90' lang='lat' dir='ltr'>quomodo</span> <span class='ocrx_word' id='word_1_269' title='bbox 524 3804 614 3872; x_wconf 89' lang='lat' dir='ltr'>intra</span> <span class='ocrx_word' id='word_1_270' title='bbox 644 3806 728 3871; x_wconf 87' lang='lat' dir='ltr'>fines</span> <span class='ocrx_word' id='word_1_271' title='bbox 754 3804 918 3871; x_wconf 82' lang='lat' dir='ltr'>Ecclesiae</span> <span class='ocrx_word' id='word_1_272' title='bbox 952 3807 1070 3871; x_wconf 82' lang='lat' dir='ltr'>exorta</span> <span class='ocrx_word' id='word_1_273' title='bbox 1105 3806 1151 3871; x_wconf 88' lang='lat' dir='ltr'>sit</span> <span class='ocrx_word' id='word_1_274' title='bbox 1173 3806 1363 3889; x_wconf 86' lang='lat' dir='ltr'>conjunctio</span> <span class='ocrx_word' id='word_1_275' title='bbox 1387 3808 1473 3891; x_wconf 88' lang='lat' dir='ltr'>sive,</span> 
     </span>
    </p>
   </div>
   <div class='ocr_carea' id='block_1_10' title="bbox 334 3911 1583 4635">
    <p class='ocr_par' dir='ltr' id='par_1_12' title="bbox 334 3902 1583 4314">
     <span class='ocr_line' id='line_1_32' title="bbox 334 3911 1583 4005; baseline 0 -26"><span class='ocrx_word' id='word_1_276' title='bbox 334 3915 364 3979; x_wconf 88' lang='lat' dir='ltr'>si</span> <span class='ocrx_word' id='word_1_277' title='bbox 386 3915 420 3980; x_wconf 88' lang='lat' dir='ltr'>id</span> <span class='ocrx_word' id='word_1_278' title='bbox 444 3914 570 3996; x_wconf 88' lang='lat' dir='ltr'>mavis,</span> <span class='ocrx_word' id='word_1_279' title='bbox 594 3911 805 3995; x_wconf 85' lang='lat' dir='ltr'>commixtio,</span> <span class='ocrx_word' id='word_1_280' title='bbox 831 3911 968 3992; x_wconf 90' lang='lat' dir='ltr'>pietatis</span> <span class='ocrx_word' id='word_1_281' title='bbox 984 3914 1019 3977; x_wconf 90' lang='lat' dir='ltr'>et</span> <span class='ocrx_word' id='word_1_282' title='bbox 1038 3929 1128 3977; x_wconf 89' lang='lat' dir='ltr'>mere</span> <span class='ocrx_word' id='word_1_283' title='bbox 1147 3911 1323 3977; x_wconf 88' lang='lat' dir='ltr'>historicae</span> <span class='ocrx_word' id='word_1_284' title='bbox 1344 3930 1474 3995; x_wconf 87' lang='lat' dir='ltr'>persua·</span> <span class='ocrx_word' id='word_1_285' title='bbox 1581 3988 1583 4005; x_wconf 61' lang='lat'>,</span> 
     </span>
     <span class='ocr_line' id='line_1_33' title="bbox 334 4010 1477 4105; baseline -0.003 -16"><span class='ocrx_word' id='word_1_286' title='bbox 334 4022 452 4105; x_wconf 88' lang='lat' dir='ltr'>sionis,</span> <span class='ocrx_word' id='word_1_287' title='bbox 485 4040 550 4104; x_wconf 88' lang='lat' dir='ltr'>quo</span> <span class='ocrx_word' id='word_1_288' title='bbox 579 4010 707 4087; x_wconf 83' lang='lat' dir='ltr'>¹factum</span> <span class='ocrx_word' id='word_1_289' title='bbox 736 4023 790 4085; x_wconf 88' lang='lat' dir='ltr'>eet</span> <span class='ocrx_word' id='word_1_290' title='bbox 822 4021 860 4083; x_wconf 92' lang='lat' dir='ltr'>ut</span> <span class='ocrx_word' id='word_1_291' title='bbox 890 4018 1027 4085; x_wconf 88' lang='lat' dir='ltr'>tandem</span> <span class='ocrx_word' id='word_1_292' title='bbox 1050 4019 1086 4083; x_wconf 87' lang='lat' dir='ltr'>in</span> <span class='ocrx_word' id='word_1_293' title='bbox 1109 4016 1299 4100; x_wconf 71' lang='lat' dir='ltr'>Symbolum</span> <span class='ocrx_word' id='word_1_294' title='bbox 1322 4020 1477 4103; x_wconf 79' lang='lat' dir='ltr'>recipere</span> 
     </span>
     <span class='ocr_line' id='line_1_34' title="bbox 335 4123 1583 4227; baseline -0.004 -33"><span class='ocrx_word' id='word_1_295' title='bbox 335 4133 408 4213; x_wconf 90' lang='lat' dir='ltr'>tur,</span> <span class='ocrx_word' id='word_1_296' title='bbox 434 4130 471 4193; x_wconf 91' lang='lat' dir='ltr'>et</span> <span class='ocrx_word' id='word_1_297' title='bbox 499 4128 616 4194; x_wconf 89' lang='lat' dir='ltr'>Jesum</span> <span class='ocrx_word' id='word_1_298' title='bbox 640 4128 709 4217; x_wconf 32' lang='lat' dir='ltr'>‚sub</span> <span class='ocrx_word' id='word_1_299' title='bbox 741 4125 861 4191; x_wconf 91' lang='lat' dir='ltr'>Pontio</span> <span class='ocrx_word' id='word_1_300' title='bbox 883 4123 990 4190; x_wconf 89' lang='lat' dir='ltr'>Pilato</span> <span class='ocrx_word' id='word_1_301' title='bbox 1013 4127 1171 4190; x_wconf 87' lang='lat' dir='ltr'>necatum</span> <span class='ocrx_word' id='word_1_302' title='bbox 1193 4124 1296 4190; x_wconf 79' lang='lat' dir='ltr'>trisse</span> <span class='ocrx_word' id='word_1_303' title='bbox 1319 4127 1355 4191; x_wconf 89' lang='lat' dir='ltr'>et</span> <span class='ocrx_word' id='word_1_304' title='bbox 1378 4124 1476 4190; x_wconf 85' lang='lat' dir='ltr'>fldem</span> <span class='ocrx_word' id='word_1_305' title='bbox 1582 4202 1583 4227; x_wconf 13' lang='grc' dir='ltr'><strong>Χ</strong></span> 
     </span>
     <span class='ocr_line' id='line_1_35' title="bbox 335 4230 1583 4314; baseline -0.006 -15"><span class='ocrx_word' id='word_1_306' title='bbox 335 4236 371 4300; x_wconf 92' lang='lat' dir='ltr'>in</span> <span class='ocrx_word' id='word_1_307' title='bbox 394 4234 501 4299; x_wconf 87' lang='lat' dir='ltr'>Deum</span> <span class='ocrx_word' id='word_1_308' title='bbox 524 4232 788 4314; x_wconf 88' lang='lat' dir='ltr'>omnipotentem</span> <span class='ocrx_word' id='word_1_309' title='bbox 812 4231 1035 4297; x_wconf 86' lang='lat' dir='ltr'>necessariam</span> <span class='ocrx_word' id='word_1_310' title='bbox 1060 4247 1143 4296; x_wconf 90' lang='lat' dir='ltr'>esse.</span> <span class='ocrx_word' id='word_1_311' title='bbox 1582 4230 1583 4253; x_wconf 60' lang='lat'>,</span> 
     </span>
    </p>

    <p class='ocr_par' dir='ltr' id='par_1_13' title="bbox 336 4336 1583 4635">
     <span class='ocr_line' id='line_1_36' title="bbox 382 4336 1475 4423; baseline -0.001 -19"><span class='ocrx_word' id='word_1_312' title='bbox 382 4339 461 4404; x_wconf 84' lang='lat' dir='ltr'>Vss.</span> <span class='ocrx_word' id='word_1_313' title='bbox 494 4337 626 4404; x_wconf 85' lang='grc'><strong>22-25</strong></span> <span class='ocrx_word' id='word_1_314' title='bbox 657 4338 808 4420; x_wconf 86' lang='lat' dir='ltr'>proditur</span> <span class='ocrx_word' id='word_1_315' title='bbox 837 4336 1083 4419; x_wconf 87' lang='lat' dir='ltr'>interpolatoris</span> <span class='ocrx_word' id='word_1_316' title='bbox 1113 4353 1249 4421; x_wconf 81' lang='lat' dir='ltr'>manue,</span> <span class='ocrx_word' id='word_1_317' title='bbox 1279 4339 1312 4402; x_wconf 81' lang='lat'>1⁰</span> <span class='ocrx_word' id='word_1_318' title='bbox 1337 4355 1387 4423; x_wconf 80' lang='lat' dir='ltr'>ys.</span> <span class='ocrx_word' id='word_1_319' title='bbox 1414 4339 1475 4418; x_wconf 86' lang='grc'>22,</span> 
     </span>
     <span class='ocr_line' id='line_1_37' title="bbox 336 4442 1477 4527; baseline 0.001 -18"><span class='ocrx_word' id='word_1_320' title='bbox 336 4445 393 4527; x_wconf 87' lang='lat' dir='ltr'>qui</span> <span class='ocrx_word' id='word_1_321' title='bbox 423 4447 512 4510; x_wconf 88' lang='lat' dir='ltr'>recte</span> <span class='ocrx_word' id='word_1_322' title='bbox 543 4445 621 4527; x_wconf 94' lang='lat' dir='ltr'>poni</span> <span class='ocrx_word' id='word_1_323' title='bbox 651 4444 761 4524; x_wconf 88' lang='lat' dir='ltr'>potuit</span> <span class='ocrx_word' id='word_1_324' title='bbox 790 4446 868 4525; x_wconf 88' lang='lat' dir='ltr'>post</span> <span class='ocrx_word' id='word_1_325' title='bbox 891 4460 941 4508; x_wconf 91' lang='lat' dir='ltr'>vs.</span> <span class='ocrx_word' id='word_1_326' title='bbox 968 4443 1095 4525; x_wconf 87' lang='grc'><strong>1-12,</strong></span> <span class='ocrx_word' id='word_1_327' title='bbox 1122 4442 1180 4509; x_wconf 86' lang='lat' dir='ltr'>sed</span> <span class='ocrx_word' id='word_1_328' title='bbox 1202 4443 1267 4508; x_wconf 92' lang='lat' dir='ltr'>huo</span> <span class='ocrx_word' id='word_1_329' title='bbox 1290 4461 1358 4509; x_wconf 93' lang='lat' dir='ltr'>non</span> <span class='ocrx_word' id='word_1_330' title='bbox 1380 4446 1477 4527; x_wconf 91' lang='lat' dir='ltr'>perti·</span> 
     </span>
     <span class='ocr_line' id='line_1_38' title="bbox 337 4547 1583 4635; baseline 0.001 -22"><span class='ocrx_word' id='word_1_331' title='bbox 337 4552 413 4631; x_wconf 79' lang='lat' dir='ltr'>net3</span> <span class='ocrx_word' id='word_1_332' title='bbox 431 4551 524 4632; x_wconf 81' lang='lat' dir='ltr'>justa</span> <span class='ocrx_word' id='word_1_333' title='bbox 542 4549 678 4615; x_wconf 92' lang='lat' dir='ltr'>demum</span> <span class='ocrx_word' id='word_1_334' title='bbox 689 4548 855 4615; x_wconf 89' lang='lat' dir='ltr'>conclusio</span> <span class='ocrx_word' id='word_1_335' title='bbox 866 4547 1003 4615; x_wconf 72' lang='lat' dir='ltr'>diisset:</span> <span class='ocrx_word' id='word_1_336' title='bbox 1017 4547 1059 4613; x_wconf 73' lang='lat' dir='ltr'>ht</span> <span class='ocrx_word' id='word_1_337' title='bbox 1072 4547 1256 4626; x_wconf 72' lang='grc' dir='ltr'><strong>ὶοοννεννο</strong></span> <span class='ocrx_word' id='word_1_338' title='bbox 1269 4550 1310 4629; x_wconf 76' lang='grc' dir='ltr'>τῷ</span> <span class='ocrx_word' id='word_1_339' title='bbox 1322 4548 1476 4630; x_wconf 77' lang='grc' dir='ltr'><em>Ἀβροὰμ</em></span> <span class='ocrx_word' id='word_1_340' title='bbox 1581 4628 1583 4635; x_wconf 25' lang='lat'><strong><em>⁴</em></strong></span> 
     </span>
    </p>
   </div>
   <div class='ocr_carea' id='block_1_11' title="bbox 0 0 1610 5325">
    <p class='ocr_par' dir='ltr' id='par_1_14' title="bbox 0 0 1610 5325">
     <span class='ocr_line' id='line_1_39' title="bbox 0 0 1610 5325; baseline 0 0"><span class='ocrx_word' id='word_1_341' title='bbox 0 0 1610 5325; x_wconf 95' lang='lat' dir='ltr'> </span> 
     </span>
    </p>
   </div>
  </div>
 </body>
</html>
