3192 5325
911 557 954 622 48

399 737 575 803 Translata
597 753 616 802 1
639 733 750 802 schola
773 737 924 818 quaestio
947 738 1036 803 intra
1056 739 1221 805 Ecclesiae
1242 759 1357 806 muros
1379 739 1418 806 de
1437 741 1502 819 dig-

352 845 461 910 nitate
491 843 702 924 aliquantum
732 845 873 909 remisit.
905 844 955 910 Ne
983 845 1044 909 hoc
1077 845 1212 926 quidem
1235 846 1403 911 indicatur
1426 847 1502 928 quid

353 951 483 1031 proprie
514 949 650 1014 intersit
680 949 770 1014 inter
802 949 967 1025 περιτομήν
997 954 1033 1016 11
1057 950 1172 1028 χριςόν.
1207 953 1298 1018 Duae
1323 935 1411 1018 inter
1434 970 1505 1018 sese

355 1057 522 1122 Ecclesiae
550 1055 779 1135 digladiantur.
820 1056 930 1122 Vetus
962 1057 1041 1123 iEud
1078 1055 1112 1130 ἐξ
1144 1056 1238 1134 ἔργων
1262 1056 1353 1133 νόμον
1378 1059 1505 1123 factum

354 1166 408 1230 est
438 1161 468 1224 ἐν
504 1161 593 1242 νόμῳ.
638 1162 788 1228 Pastoris
820 1162 1065 1229 admonitiones
1099 1165 1255 1230 audimus
1286 1165 1322 1229 in
1353 1165 1435 1229 illis:
1468 1163 1503 1225 ti

355 1267 486 1346 ἀγάπης
519 1267 717 1344 ἐνεργουμένη
741 1286 793 1334 vs.
820 1268 839 1330 6
863 1272 898 1334 et
924 1269 959 1335 in
985 1271 1081 1335 suavi
1105 1287 1207 1336 versu
1234 1275 1264 1337 7.
1290 1271 1367 1336 Jarn
1391 1287 1505 1336 omnes

352 1374 504 1440 contenti
527 1391 601 1440 esse
624 1377 835 1456 poteramus:
861 1393 919 1440 cur
943 1376 1085 1442 tandem
1109 1376 1195 1440 clam
1217 1377 1439 1459 hrepserunt,
1453 1394 1503 1440 vs.

356 1480 413 1562 10,
438 1481 495 1560 qui
515 1479 620 1545 fidum
640 1497 775 1560 gregem
793 1483 1001 1547 turbarunt?
1026 1481 1150 1548 Paulus
1170 1481 1352 1564 Episcopus
1368 1485 1429 1547 aut
1439 1501 1506 1547 non

355 1589 468 1667 potest
498 1589 559 1651 aut
582 1587 725 1653 fortasse
751 1604 819 1652 non
842 1587 944 1652 audet
967 1589 1170 1653 nominatim
1192 1587 1387 1669 compellare
1410 1588 1505 1653 male·

352 1693 467 1758 volum
497 1693 670 1757 hominem
701 1692 758 1774 qui
789 1693 962 1770 νέρχέννινος
993 1696 1028 1758 11
1052 1695 1204 1759 omnium
1229 1694 1394 1758 malorum
1419 1695 1506 1773 origo

352 1795 526 1876 11111111
552 1797 589 1860 ἂν
615 1794 656 1882 ᾖ).
682 1798 756 1865 Non
780 1801 932 1878 agnoscit
955 1785 1098 1864 duarum
1121 1801 1306 1864 factionum
1333 1800 1505 1865 interneci-

349 1924 434 1970 vum
465 1907 604 1989 bellum,
638 1905 696 1971 sed
720 1907 833 1971 omnia
857 1906 1040 1971 secundum
1065 1923 1143 1970 eum
1169 1905 1291 1971 insunt
1317 1906 1507 1971 1111111-

349 2013 454 2095 trina,
480 2030 582 2093 quam
605 2013 676 2092 ipse
696 2013 824 2094 accepit
843 2012 989 2093 aliosque
1009 2012 1137 2095 docuit,
1160 2029 1180 2077 a
1201 2031 1266 2092 qua
1285 2013 1342 2093 qui
1364 2012 1502 2093 recedit,

348 2121 445 2199 paret
474 2117 572 2183 malis
603 2118 733 2182 artibus
767 2117 900 2183 scelesti
930 2117 995 2182 viri
1018 2118 1209 2201 cuiusdam,
1237 2118 1295 2198 qui
1318 2119 1432 2184 omnia
1456 2119 1504 2182 in·

351 2224 528 2289 terturbat.
564 2222 628 2289 Est
656 2224 792 2304 quidam
824 2223 985 2301 repeteres
1019 2226 1056 2304 5,
1092 2225 1151 2305 10;
1186 2225 1256 2289 1111
1280 2242 1415 2290 1111111
1452 2226 1504 2289 111
1585 2271 1586 2296 ,

349 2330 554 2406 ταράσσοντες
587 2331 637 2413 (1,
666 2333 699 2401 7)
730 2332 766 2394 et
795 2330 1022 2398 ἄνικςκτνῡντες
1048 2329 1099 2413 (5,
1128 2333 1193 2407 12).
1218 2331 1364 2410 Magicas
1388 2331 1499 2396 incan-

241 2454 243 2457 ·
347 2437 493 2502 tationes
516 2437 672 2502 odoratur
695 2433 746 2518 (1,
773 2438 820 2513 8).
858 2437 978 2501 Omnia
1000 2437 1181 2517 perquirit,
1212 2454 1319 2517 neque
1353 2454 1498 2518 usquam

350 2541 545 2607 latitantem
565 2539 724 2626 {fraudem
755 2542 989 2622 deprehendit:
1020 2540 1167 2620 θαυμάζω
1202 2544 1253 2625 (1,
1280 2543 1312 2620 6)
1346 2544 1392 2612 τίς
1419 2542 1500 2616 ὑμᾶς

350 2646 525 2724 ἐβάσκανεν
550 2647 652 2732 (3,1);
672 2643 718 2718 τίς
741 2647 822 2721 ὑμᾶς
842 2644 980 2728 ἐνέκοψεν
993 2647 1037 2733 (5,
1052 2647 1105 2734 dl?
1124 2648 1275 2714 Tandem
1289 2651 1446 2729 provocat
1458 2647 1500 2714 ad

348 2753 627 2819 misericordiam:
646 2755 747 2819 nolite
760 2755 844 2818 mihi
856 2754 987 2820 molesti
1000 2771 1074 2819 esse
1090 2756 1137 2838 (6,
1156 2754 1501 2838 relegatumque
1584 2788 1585 2841 ,

346 2863 440 2926 mata
457 2861 585 2946 domini
605 2861 686 2926 Jesu
706 2861 742 2926 11
762 2878 896 2941 corpore
916 2878 991 2926 meo
1011 2863 1116 2941 porto.
1141 2860 1297 2925 Fortasse
1310 2860 1494 2939 vapularet.

390 2967 500 3047 Quum
529 2968 602 3047 ipse
629 2969 758 3032 careret
786 2968 918 3047 propria
941 2967 1107 3047 doctrina,
1133 2966 1240 3031 firmis
1263 2965 1495 3030 fundamentis

343 3072 476 3157 innixa,
513 3072 592 3154 quid
626 3073 750 3137 mirum
780 3074 854 3137 erat
884 3072 913 3137 si
948 3072 1071 3137 Paulus
1105 3071 1288 3152 Episcopus
1323 3071 1492 3135 interdum

343 3178 552 3244 haesitaret?
586 3178 694 3244 Suum
724 3179 820 3243 vitae
833 3194 836 3199 ’
850 3178 1049 3243 institutum
1083 3178 1256 3242 defendere
1282 3177 1424 3241 debebat
1447 3176 1495 3257 (5,

343 3283 409 3366 11),
442 3301 523 3348 nam
553 3284 817 3349 criminabantur
848 3284 1002 3349 malevoli
1025 3284 1177 3365 quidam.
1213 3282 1300 3362 quod
1323 3281 1492 3346 interdum
1583 3320 1584 3359 ,

342 3390 432 3454 haud
455 3390 540 3455 satis
568 3390 699 3455 fortiter
722 3388 889 3455 docuisset
912 3390 1091 3454 discrimen
1117 3395 1281 3464 περιτομῆς
1306 3390 1341 3452 11
1366 3390 1496 3466 speech,

340 3496 422 3577 quin
445 3499 480 3560 et
498 3495 802 3561 commendavisset
823 3495 987 3570 περιτομήν
1011 3498 1046 3560 11
1066 3495 1211 3574 gratiam
1231 3494 1286 3558 dei
1310 3493 1494 3574 sprevisset

344 3603 395 3683 (2,
423 3600 490 3684 21).
520 3602 638 3681 Itaque
668 3604 827 3682 provocat
857 3602 898 3666 ad
922 3600 1172 3681 persecutiones
1195 3600 1400 3681 quibuscum
1428 3616 1499 3663 con-

342 3706 508 3773 flictatur:
532 3707 715 3773 adversarii
737 3710 827 3773 certe
851 3710 977 3772 norunt
1000 3707 1107 3787 qualis
1132 3707 1188 3772 sit.

390 3812 482 3893 Quod
516 3812 587 3878 suis
622 3812 832 3897 displicebat,
869 3814 903 3878 id
939 3813 1079 3878 minime
1111 3813 1283 3876 miramur.
1314 3810 1493 3890 ingenium
1582 3796 1583 3839 ³

338 3918 486 3984 alienum
510 3920 552 3983 ab
579 3921 732 3984 tortuosa
755 3918 959 3998 dogmatices
987 3918 1173 4001 dialectica,
1200 3916 1396 3982 offendiculo
1426 3919 1498 3981 erat

338 4025 424 4106 quod
454 4024 679 4091 Laodicenum
701 4028 852 4107 teporem
875 4025 999 4106 spirare
1023 4023 1208 4089 videbatur.
1247 4021 1321 4087 Non
1347 4024 1420 4086 erat
1447 4022 1493 4103 11,

337 4132 394 4213 qui
416 4131 642 4197 Christianam
664 4132 852 4197 doctrinam
878 4130 1065 4196 ministerio
1085 4147 1145 4194 suo
1165 4129 1395 4209 promoveret.
1418 4127 1493 4192 Cru-

334 4254 408 4304 cem
437 4238 569 4322 adorat,
601 4239 659 4303 sed
682 4256 750 4302 non
774 4238 867 4303 ducit
889 4252 1007 4317 operae
1031 4236 1193 4315 pretium,
1219 4233 1316 4313 paulo
1342 4234 1487 4299 luculen-

335 4345 406 4411 tius
431 4362 611 4426 exponere,
637 4344 716 4426 quid
739 4344 878 4409 tandem
904 4360 988 4407 crux
1008 4342 1063 4406 illa
1083 4340 1269 4423 significet,
1292 4339 1374 4404 nihil
1398 4340 1490 4405 enirn

333 4453 400 4517 huc
432 4452 578 4533 pertinet
608 4452 647 4533 3,
684 4435 735 4516 13.
768 4447 972 4523 Kara'pyqrar
1006 4446 1039 4509 τὸ
1072 4445 1243 4509 vaiedaber
1274 4434 1327 4508 rori
1352 4450 1491 4525 1111111·

333 4558 395 4626 hoc
417 4559 531 4626 audito
552 4559 693 4625 lectores
712 4558 785 4639 jam
808 4556 986 4621 contentos
1009 4570 1083 4619 esse
1106 4554 1254 4633 oportet.
