3192 5325
863 524 927 588 292

319 705 557 786 conscriberet,
589 707 769 787 postquam
799 703 1059 772 Straatmannus
1082 706 1193 772 docuit
1226 724 1277 770 νε.
1305 707 1470 772 16111111-

319 813 469 893 polatum
493 830 586 896 esse,
622 831 673 878 νε.
700 815 741 878 18
765 814 920 894 spurium
950 831 1023 880 osse
1047 813 1076 876 ἕν
1101 813 1250 896 ἐκκλησίᾳ
1282 819 1318 882 et
1349 833 1401 880 νε.
1430 817 1469 879 19

319 917 441 982 ironice
463 919 692 998 accipiendum
714 921 814 984 esse?
850 917 1040 985 Secundum
1063 939 1164 1001 quam
1187 939 1342 988 normam
1368 922 1424 1000 12,
1450 923 1468 985 2

320 1025 374 1091 vel
401 1028 441 1096 13
466 1027 686 1107 interpolatus
717 1027 885 1092 videbitur
916 1030 1015 1093 esse?
1049 1029 1140 1093 Num
1170 1029 1317 1110 amplexi
1348 1029 1469 1110 conjec-

324 1133 437 1197 turam
461 1128 509 1194 ita
534 1133 586 1195 καὶ
612 1131 689 1195 αὐτὸ
713 1134 851 1208 odonam
879 1133 1007 1200 facilius
1037 1135 1271 1216 superabimus
1300 1135 1471 1200 difficulta

320 1240 373 1301 tes
408 1238 528 1318 capitis
550 1240 617 1303 13?
666 1235 858 1304 Secundum
894 1237 1174 1307 Straatmannum
1211 1240 1404 1307 lOorinth.
1433 1241 1470 1304 14

321 1344 536 1425 interpolator
568 1346 722 1424 mitigare
753 1345 861 1411 voluit
884 1347 969 1427 quod
989 1345 1123 1412 ¹Paulus
1155 1347 1195 1412 de
1218 1346 1403 1426 glossolalia
1426 1347 1469 1411 ni-

321 1450 386 1515 mis
409 1449 626 1517 inclementer
656 1452 805 1517 dixerat:
837 1470 948 1517 nonne
980 1452 1067 1516 vidit
1098 1456 1174 1518 tum
1205 1453 1258 1518 hic
1288 1456 1365 1518 tum
1395 1452 1470 1518 alibi

321 1557 424 1623 variis
454 1558 494 1622 de
528 1559 627 1623 rebus
657 1559 841 1623 contrarias
877 1559 1048 1639 opiniones
1082 1559 1241 1640 proferri?
1277 1559 1356 1624 Dele
1380 1559 1469 1624 verbi

320 1665 423 1730 causa
449 1666 507 1745 15,
534 1667 575 1729 12
600 1682 648 1745 sq.
674 1665 840 1746 simulque
859 1665 1019 1730 deleveris
1039 1665 1126 1745 quod
1150 1665 1196 1729 illi
1219 1664 1390 1745 Epistulae
1413 1665 1469 1728 irn-

321 1771 438 1852 primis
469 1771 631 1851 peculiare
666 1774 729 1836 est.
768 1771 867 1854 „Vss
893 1767 1042 1835 33b—35
1076 1773 1142 1853 zijn
1174 1771 1283 1850 stellig
1319 1770 1469 1836 onecht.''

320 1879 373 1943 Ita
403 1874 672 1942 Straatmannus.
716 1877 814 1942 Unde
846 1879 907 1942 hoc
939 1878 968 1942 ei
1000 1877 1188 1942 revelatum
1220 1877 1311 1942 tuit?
1342 1867 1469 1942 Suntne

321 1985 424 2064 igitur
445 1984 581 2063 genuini
605 2002 674 2048 νεε.
698 1985 740 2047 29
763 2002 835 2064 sqq.
859 1986 895 2048 et
918 2001 982 2064 quo
1003 2000 1104 2048 sensu
1128 1983 1265 2061 genuini
1287 1982 1470 2064 appellandi

321 2092 428 2156 sunt?

367 2197 482 2262 Veluti
513 2197 753 2262 Straatmanno
777 2194 835 2258 τίνι
860 2193 944 2274 λόγῳ
968 2193 1043 2280 (15,
1069 2198 1101 2273 2)
1133 2196 1287 2276 spurium
1320 2198 1374 2260 est
1403 2197 1470 2259 tan-

322 2320 424 2384 quam
461 2303 523 2387 „in
558 2303 654 2385 strijd
688 2304 760 2367 met
794 2301 918 2366 Paulus
952 2302 1156 2380 bedoeling''.
1201 2301 1349 2367 Novitne
1374 2301 1471 2380 igitur

322 2411 413 2475 illam
451 2407 687 2494 „bedoeling”?
722 2406 816 2471 Πόθεν
852 2406 933 2485 γαίῃ
973 2409 1044 2495 »Ἐν
1073 2407 1198 2483 πρώτοις
1229 2409 1307 2487 past
1339 2407 1409 2471 niet
1438 2405 1471 2468 in

323 2516 447 2581 Paulus
472 2515 606 2579 mond.''
636 2551 668 2560 ·-
701 2514 768 2599 „De
790 2514 1014 2594 uitdrukking
1039 2513 1110 2592 ὑπὲρ
1135 2519 1194 2576 τῶν
1212 2512 1370 2591 ἁμαρτιῶν
1393 2511 1471 2584 ἡμῶν

323 2623 352 2687 is
375 2622 446 2686 niet
468 2621 691 2687 Paulinisch.'’
721 2657 753 2666 —
788 2620 931 2707 „Paulus
955 2620 1054 2687 dauht
1077 2621 1149 2687 niet
1177 2637 1242 2685 aan
1269 2635 1351 2685 eone
1374 2617 1468 2684 herle-

323 2728 404 2807 ving
426 2745 494 2792 van
518 2728 629 2792 Jezus’
652 2727 826 2791 lichaam.”
845 2765 876 2773 -
901 2728 966 2813 „De
990 2726 1130 2809 Apostel
1153 2727 1221 2791 lron
1245 2726 1386 2791 ziohzeli
1403 2724 1469 2788 niet

323 2833 467 2911 ἔκτρωμα
491 2834 665 2899 noemen.'’

369 2939 512 3023 Semper,
545 2940 597 3004 uti
629 2940 739 3020 vides,
773 2936 808 3001 la
839 2944 943 3017 γῆρυς.
980 2940 1116 3021 Semper
1147 2939 1236 3004 idem
1267 2941 1320 3003 est
1351 2938 1468 3003 vitium

323 3048 410 3129 quod
435 3046 547 3111 omnia
570 3049 755 3126 permanat.
791 3046 904 3110 Credit
934 3062 971 3111 se
1001 3048 1116 3110 tenere
1147 3045 1292 3127 Lydium
1331 3043 1469 3123 lapidem

323 3154 366 3219 ad
388 3171 487 3235 quem
518 3170 639 3217 aurum
662 3152 785 3230 exigat.
821 3130 1030 3216 Damnanda'
1049 3154 1084 3215 et
1108 3150 1291 3232 abjicienda
1325 3152 1379 3214 est
1406 3148 1469 3211 ista

324 3256 564 3338 interpretandi
586 3258 681 3322 ratio.
729 3258 873 3323 Dedecet
904 3258 1078 3322 cordatum
1106 3257 1220 3321 uirum
1248 3258 1409 3335 tanquam
1429 3270 1471 3317 ex

325 3364 482 3429 cathedra
517 3362 690 3427 decernere
724 3363 803 3442 quid
835 3361 1029 3444 Paulinum,
1068 3361 1145 3442 quid
1181 3378 1249 3425 non
1281 3360 1344 3441 sit,
1380 3355 1470 3439 quasi

325 3472 523 3535 haberemus
549 3469 755 3533 oculatorum
788 3468 930 3533 testium
953 3467 1106 3532 indubias
1137 3464 1321 3544 μαρτυρίας.
1356 3462 1470 3545 Quodsi

325 3577 401 3658 quis
425 3592 521 3653 aegre
544 3574 610 3639 lert
633 3574 719 3654 quod
748 3573 1028 3638 Straatmannum
1052 3572 1220 3637 noluimus
1243 3572 1357 3654 sequi,
1389 3572 1468 3635 hanc

325 3683 470 3764 primam
493 3698 629 3746 causam
660 3684 781 3744 nactus
813 3682 867 3743 est
900 3682 940 3743 ut
962 3682 1102 3759 quaerat
1132 3694 1216 3758 quae
1241 3678 1380 3745 tandem
1409 3690 1470 3739 mc·

325 3788 449 3853 thodus
476 3786 572 3851 nobis
595 3784 764 3865 placuerit.
799 3785 970 3849 Laudatur
992 3784 1034 3849 ab
1058 3784 1127 3865 his;
1156 3784 1310 3864 culpetur
1332 3784 1372 3848 ab
1395 3780 1468 3846 illis:

327 3897 380 3959 est
414 3896 503 3957 certe
539 3892 676 3971 penitus
710 3890 851 3955 diversa.
888 3889 1119 3955 Straatmanni
1153 3889 1303 3954 multum
1338 3886 1470 3953 interest

329 4003 345 4065 1
373 3999 521 4065 Corinth.
547 3995 605 4080 15,
634 3999 675 4061 19
706 3998 903 4079 conjungere
928 3997 958 4059 ἐν
982 3998 1077 4074 χριςῷ
1109 4015 1187 4061 oum
1219 3995 1248 4057 ἐν
1274 3994 1334 4076 ζωῇ
1359 3992 1466 4071 ταύτῃ,

328 4108 368 4170 ut
383 4101 523 4169 'Paulus
558 4104 711 4168 videatur
745 4103 834 4189 „niet
865 4105 899 4166 te
924 4102 1055 4168 denlren
1086 4120 1151 4166 aan
1174 4102 1233 4166 het
1260 4102 1417 4167 aardsohe
1437 4098 1468 4161 in

299 4197 560 4289 'regenstelling
589 4212 660 4273 met
690 4211 748 4273 het
775 4208 978 4289 hemelsche,
1011 4225 1105 4273 maor
1134 4225 1198 4272 aan
1222 4208 1283 4272 het
1313 4202 1469 4285 kristelijt

328 4314 458 4381 leven.'’
494 4314 596 4380 Nobis
619 4314 753 4395 quidem
776 4314 810 4378 id
840 4314 936 4395 plane
960 4312 1124 4392 ἀδιάφορον
1149 4316 1220 4377 est:
1252 4314 1332 4394 quid
1363 4314 1468 4377 nostra

329 4421 431 4487 refert
461 4420 621 4499 quomodo
651 4421 788 4498 ignotus
819 4420 871 4483 vir
902 4420 1076 4500 aliquando
1107 4420 1147 4484 de
1177 4420 1346 4484 abstrusis
1379 4418 1467 4482 rebus

329 4525 582 4610 philosophatus
606 4525 676 4590 sit?
706 4524 855 4607 Denique
878 4524 1108 4591 Straatmanni
1131 4524 1311 4591 methodus
1334 4519 1466 4589 vinculis
