3192 5325
866 456 930 522 120

326 612 332 632 ¹
370 639 487 706 acor.
515 640 566 721 11,
594 640 713 723 1-13,
741 641 778 721 s;
805 641 947 706 10-1s

322 744 370 811 De
395 747 446 827 13,
471 745 570 826 3-9,
595 746 698 811 nimis
720 746 812 812 enim
835 747 965 816 obscuri
992 764 1113 814 versus
1136 749 1238 831 sunt,
1266 745 1347 814 nihil
1371 746 1467 812 hebe-
1575 741 1578 749 '

218 905 220 909 .
323 869 401 917 mus
423 853 509 935 quod
528 853 688 919 dicamus.

857 1041 929 1118 54.

680 1226 726 1290 Dc
748 1227 973 1307 compilatoris
996 1227 1108 1291 cctoic.

368 1410 461 1490 Quod
490 1412 532 1476 ad
563 1411 704 1476 alteram
734 1410 967 1490 quaestionem
996 1410 1140 1485 attinet,
1171 1410 1267 1490 plura
1291 1409 1408 1474 insunt
1429 1409 1471 1472 in

322 1518 384 1581 hac
406 1517 575 1597 Epistula,
600 1517 719 1597 quibus
742 1516 960 1582 confirmatur
982 1516 1070 1597 quod
1093 1534 1195 1597 supra
1214 1515 1466 1595 contendinmS,

322 1623 469 1704 opusculi
498 1623 659 1702 originem
686 1638 760 1687 esse
784 1621 881 1703 paulo
903 1622 1131 1688 recentiorem.
1172 1621 1311 1700 Singula
1334 1636 1469 1685 enume-

321 1729 480 1794 rabimus.
993 1741 996 1746 ’

366 1855 397 1900 1.
434 1836 574 1901 Veteres
596 1836 673 1901 lites
696 1835 738 1900 de
760 1835 1010 1900 circumcisione
1033 1837 1068 1898 et
1091 1834 1132 1898 de
1155 1834 1235 1913 fide,
1262 1833 1302 1897 de
1327 1831 1412 1910 Lege
1431 1834 1471 1896 et

322 1941 362 2005 de
384 1941 577 2022 Evangelio,
604 1942 644 2006 de
663 1942 895 2022 matrimonio,
911 1942 983 2023 jam
1002 1939 1152 2022 sepultae
1170 1939 1275 2004 tuisse
1293 1937 1451 2004 videntur
1461 1958 1470 2018 ;

322 2051 411 2113 certe
435 2051 470 2113 in
493 2049 555 2114 hac
578 2047 728 2130 Epistula
751 2065 819 2112 non
844 2049 1036 2114 occurrunt.
1134 2095 1136 2102 .

368 2157 396 2220 b.
432 2152 522 2222 Satis
552 2156 712 2220 diuturna
742 2154 948 2236 experientia
983 2154 1022 2220 de
1053 2155 1135 2220 Jesu
1165 2153 1265 2218 fidem
1299 2152 1471 2218 confirma·

323 2262 383 2345 vit,
413 2264 440 2343 1,
467 2262 520 2327 20.

367 2387 392 2432 c.
428 2369 498 2434 Nec
518 2368 612 2433 brevi
635 2369 762 2434 instare
785 2368 927 2432 creduut
946 2367 1027 2434 Jesu
1048 2364 1227 2442 retrectat.
1253 2365 1378 2430 Contra
1392 2366 1481 2458 tam

322 2477 418 2555 longe
448 2493 487 2540 ea
518 2475 686 2555 differtur,
718 2478 759 2540 ut
789 2475 826 2539 in
857 2475 929 2557 ipso
961 2470 1089 2554 Spiritu
1113 2475 1234 2556 pignus
1259 2473 1314 2538 sit.
1351 2457 1469 2553 ltaque

321 2583 383 2647 tali
399 2582 541 2665 pignore
564 2600 647 2662 opus
669 2585 740 2653 est,
765 2582 807 2646 cf.
834 2583 862 2661 1,
890 2582 950 2662 223
973 2580 1002 2662 5,
1027 2579 1472 2662 tetuphes.1,14,quam

323 2688 503 2771 epistulam
526 2705 623 2755 nemo
646 2688 826 2753 admodum
849 2689 1024 2768 antiquam
1047 2704 1121 2753 esse
1143 2686 1255 2753 credit.

369 2795 401 2859 d.
435 2794 563 2875 Duplici
586 2796 683 2861 modo
705 2794 890 2875 explicetur
913 2794 943 2878 3,
971 2796 1097 2870 7-11,
1122 2812 1180 2859 cur
1200 2792 1302 2859 lsrael
1322 2793 1470 2871 Evange

323 2902 407 2966 lium
427 2902 577 2984 rejecerit
584 2923 592 2983 ;
613 2902 685 2983 jam
707 2902 798 2966 enim
821 2918 938 2967 omnes
959 2901 1199 2981 acquieverunt
1222 2916 1260 2966 eo
1283 2900 1371 2981 quod
1395 2914 1471 2963 mu·

323 3008 389 3071 tari
405 3019 478 3073 'non
501 3011 613 3089 potest
629 3007 663 3087 ¹).
1121 3028 1123 3032 ’

372 3133 397 3178 o.
433 3113 524 3194 Quod
547 3114 801 3195 pneumaticum
824 3114 914 3178 inest
937 3113 967 3197 3,
995 3113 1115 3195 7-11,
1134 3114 1206 3195 jam
1226 3112 1407 3192 pristinam
1425 3110 1471 3174 iu·

324 3220 519 3299 tegritatem
541 3219 657 3283 amisit
680 3222 716 3284 et
738 3221 779 3284 ad
804 3236 958 3285 normam
981 3219 1106 3284 veteris
1126 3218 1335 3284 oeconomiae
1355 3218 1396 3283 de
1415 3234 1472 3299 pu·

324 3326 427 3412 ritate
449 3325 658 3405 aliquantum
681 3326 821 3390 remisit.
854 3326 917 3390 Est
939 3343 979 3390 ea
1002 3325 1135 3405 quidem
1158 3327 1259 3391 vetus
1283 3325 1472 3390 oeconomia

325 3431 460 3494 διακονία
492 3433 546 3493 τοῦ
570 3432 701 3494 tovotroo
725 3450 775 3497 Vs.
804 3436 833 3513 7,
859 3440 915 3505 τῆς
941 3432 1149 3507 κατακρίσεως
1174 3449 1225 3496 Vs.
1251 3432 1272 3494 9
1296 3434 1331 3495 et
1354 3433 1471 3496 tamen

326 3539 366 3602 fit
389 3536 420 3600 ἐν
443 3534 513 3617 δόξῃ
535 3538 673 3619 ipsaque
697 3535 771 3611 δόξα
795 3542 859 3604 est.
896 3538 985 3603 licre
1007 3539 1174 3603 maiorum
1197 3538 1382 3603 commixta
1407 3537 1471 3601 fue·

325 3633 407 3709 runt
429 3660 469 3709 ea
492 3662 576 3726 quae
599 3645 678 3711 olim
699 3644 895 3725 longissimo
918 3644 1095 3711 intervallo
1118 3644 1262 3709 diremte
1285 3640 1471 3729 fuerantt.

363 3937 388 3997 1)
407 3935 466 3984 Vide
489 3949 568 3999 supra.
594 3934 635 3983 Vs.
660 3935 690 3983 13
713 3934 821 3983 velamen
843 3936 990 3983 memoretur
1013 3948 1085 3999 super
1106 3934 1192 3983 taciem
1216 3932 1323 3997 Moysis;
1342 3934 1383 3983 111
1402 3931 1468 3985 vai

329 4034 377 4067 non
394 4016 490 4082 quidem
505 4016 600 4065 disertis
615 4014 693 4065 verbis
710 4016 810 4075 dicitur,
828 4016 867 4064 sed
884 4016 957 4065 tacite
975 4016 1097 4065 iudicetur
1114 4016 1208 4065 nullum
1227 4015 1274 4065 tale
1282 4016 1390 4065 velamen
1400 4018 1469 4081 Moy·

251 4142 254 4149 .
330 4116 379 4150 sem
404 4096 524 4158 habuisse,
552 4114 607 4148 nem
634 4098 759 4147 Israeliten
780 4098 883 4147 velatam
906 4098 991 4147 faciem
1013 4099 1063 4162 1111
1081 4097 1131 4147 ullo
1148 4098 1318 4163 impedimento
1337 4100 1469 4164 potuissent

329 4182 444 4232 contueri.
470 4182 511 4230 Vs.
541 4180 556 4234 7
582 4181 706 4230 Israelitsc
731 4182 801 4231 fidem
824 4181 939 4243 denegent
956 4184 1055 4245 propter
1072 4180 1272 4241 ostemationem,
1289 4196 1362 4244 qnam
1381 4183 1468 4249 Moysis

289 4267 291 4270 ’
329 4265 441 4331 splendor
461 4264 548 4328 effecit;
569 4280 602 4313 vs.
622 4247 652 4311 13
669 4267 768 4328 propter
784 4262 891 4312 velamen
908 4266 958 4327 quo
972 4262 1088 4328 prohibiti
1105 4264 1203 4312 inerunt
1220 4264 1347 4329 quominus
1362 4264 1388 4314 id
1408 4267 1468 4316 ride·

330 4355 386 4397 rent
402 4363 449 4411 quo
466 4347 523 4396 fides
540 4346 676 4395 confirmari
692 4350 778 4410 posset.

363 4431 391 4494 2)
415 4430 509 4479 Dixeris
530 4429 665 4495 pericopam
688 4427 768 4479 7-11
786 4428 890 4493 incipere
908 4445 921 4478 1
939 4428 1017 4477 medio
1034 4444 1104 4478 versu
1122 4430 1136 4477 6
1155 4429 1239 4479 indes
1257 4430 1334 4480 verbis
1351 4429 1379 4479 οὐ
1397 4432 1489 4495 oppip-v

331 4530 425 4575 ματος,
445 4528 500 4561 uem
522 4511 621 4576 periisse
641 4510 779 4573 conjicimus
801 4526 887 4560 nomon
911 4512 971 4560 unde
993 4511 1116 4577 genetivus
1132 4512 1174 4561 ille
1191 4512 1250 4561 olim
1266 4514 1416 4578 pependerit.
1433 4515 1490 4590 Sic·
