3192 5325
658 487 698 553 15

99 667 199 733 initio
228 671 338 749 quarti
370 670 489 752 capitis
518 671 669 752 partibus
700 670 841 734 tertium
873 669 1035 744 mutatis,
1062 668 1251 750 interpellat

100 773 272 855 minister,
297 774 354 856 qui
378 777 475 841 novit
497 775 634 857 plurimi
658 792 756 839 suam
778 776 1017 840 auctoritatem
1041 792 1116 841 6666
1136 775 1253 839 debere

100 879 190 959 apud
213 896 284 961 666,
308 882 366 964 qui
388 882 500 948 omnia
525 884 610 947 bona
634 881 779 961 6661661
799 884 936 962 accepta
956 882 1077 947 referre
1098 881 1250 947 debeant.

100 986 285 1052 Ambulare
318 1006 375 1055 eos
409 991 557 1071 oportet,
595 988 695 1054 sicuti
730 988 802 1068 ipse
835 987 915 1053 olim
950 988 1127 1069 praecepit.
1164 987 1254 1068 Quae

100 1097 280 1175 praecepta
309 1096 437 1160 dederit
461 1101 522 1173 (vs.
557 1097 593 1169 1;
620 1094 669 1178 2),
696 1094 725 1159 61
749 1094 825 1174 quis
850 1095 1082 1175 contemserit,
1108 1098 1252 1159 contem·

101 1203 235 1267 nereis
260 1204 435 1269 videbetur
458 1204 571 1285 ipsum
594 1204 703 1268 Deum
727 1208 789 1278 (vs.
816 1204 858 1279 8).

148 1307 209 1371 Vs.
244 1311 265 1373 9
294 1326 383 1391 seqq.
418 1312 543 1391 excipit
575 1310 699 1375 Paulus
732 1310 931 1391 Episcopus,
968 1309 1089 1389 quide
1113 1308 1254 1373 caritate
1371 1305 1374 1309 ’

100 1430 172 1477 666
200 1431 335 1481 necesse
364 1418 465 1482 habet
496 1416 677 1496 quidquam
709 1415 851 1480 scribere
881 1432 988 1495 neque
1016 1416 1088 1496 ipse
1121 1432 1254 1495 gregem

99 1518 273 1601 instituit,
298 1522 356 1587 sed
380 1523 450 1605 ipse
474 1523 574 1587 Deus.
602 1518 708 1586 Sicuti
733 1522 762 1604 3,
785 1523 826 1585 22
848 1522 1004 1602 6216161,
1029 1522 1172 1587 1066216
1184 1527 1251 1605 662,

99 1624 131 1688 si
163 1624 275 1691 fideles
311 1628 419 1707 magis
453 1629 626 1694 abundent
660 1629 695 1691 et
723 1626 899 1708 perficiant
930 1628 1016 1708 quod
1045 1627 1254 1693 laudabiliter

98 1730 299 1797 inchoarini.
335 1735 438 1800 Decet
468 1752 524 1799 eos
559 1731 727 1811 ἡσυχάζειν
765 1731 817 1793 καὶ
850 1731 998 1810 πράσσειν
1028 1733 1071 1796 τὰ
1103 1731 1165 1795 ἴδιαι
1200 1738 1252 1795 καὶ

99 1834 285 1915 ἐργάζεσθαι
308 1848 378 1909 ταῖς
404 1841 530 1923 χερσίν,
555 1840 588 1904 id
612 1843 666 1905 662
689 1839 817 1904 imitari
839 1856 895 1904 eos
919 1840 1013 1904 decet
1036 1839 1142 1919 ipsius
1159 1840 1255 1904 Pauli

98 1944 257 2025 Episcopi
275 1948 368 2012 Vitae
383 1947 556 2025 rationem.
578 1946 680 2011 Decet
692 1945 890 2025 εὐσχημόνως
903 1952 1084 2019 περιπατεῖν
1097 1945 1169 2024 πρὸς
1183 1944 1253 2015 τοὺς

99 2047 169 2123 ἔξω.
204 2050 279 2128 Πρὸς
305 2052 373 2120 τοὺς
405 2051 477 2125 ἔξω·
502 2052 563 2118 hoc
594 2056 648 2118 662
684 2053 770 2133 quod
805 2053 1006 2133 Episcopum
1041 2056 1121 2117 ante
1144 2050 1255 2117 oculos

99 2158 238 2222 nostros
269 2159 373 2239 ponit.
409 2158 519 2225 Verbo
550 2162 659 2224 totam
690 2175 761 2224 rem
790 2161 832 2223 ut
856 2159 1192 2240 comprehendamus,
1218 2158 1254 2231 in

103 2261 234 2343 reliqua
256 2265 400 2345 epistula
423 2266 600 2331 discrimen
621 2282 664 2330 66
687 2267 863 2346 appareat,
890 2263 948 2329 sed
970 2281 1077 2344 usqne
1101 2265 1142 2328 ad
1167 2266 1254 2347 4,12

102 2370 318 2447 agnoscimus
348 2372 519 2437 diversum
550 2372 722 2451 ingenium
746 2372 957 2451 multumque
981 2370 1113 2436 diversa
1134 2373 1188 2435 662
1210 2371 1253 2435 ad

102 2474 219 2541 fideles
243 2478 357 2543 oratio.
1051 2487 1054 2491 ’

152 2578 306 2665 Sequitur
322 2584 394 2667 Jam
414 2589 454 2650 ut
474 2586 648 2651 videamus
661 2584 823 2667 quomodo
835 2585 869 2648 in
881 2584 945 2649 hac
956 2584 1100 2666 epistula
1111 2584 1253 2666 scriptor

98 2693 183 2770 agat
227 2691 267 2756 de
309 2693 450 2758 Christo.
502 2693 567 2758 Hic
610 2697 725 2759 autem
767 2691 915 2774 primum
950 2691 1254 2757 animadvertimus

97 2814 226 2862 nomen
258 2798 334 2864 Iesu
364 2800 418 2864 vel
448 2800 525 2864 Iesu
557 2799 683 2864 Christi
712 2799 767 2864 vel
796 2797 931 2863 Domini
955 2799 1067 2863 crebro
1090 2798 1251 2880 inueniri,

97 2903 182 2984 quin
219 2906 254 2969 et
286 2906 433 2970 crebrius
463 2905 650 2987 interdum,
676 2923 778 2986 quam
803 2905 992 2970 reverentia
1015 2905 1183 2986 postulare
1206 2905 1254 2969 vi·

96 3009 231 3074 deatur.
257 3010 450 3076 Verendum
474 3029 596 3076 nomen
621 3029 719 3093 saepe
744 3012 817 3076 sine
835 3009 901 3075 ullo
922 3010 1124 3075 detrimento
1144 3011 1251 3076 delere

95 3115 244 3196 poteris;
268 3116 336 3181 imo
362 3117 532 3182 interdum
556 3117 745 3182 sententiae
769 3117 851 3181 adeo
871 3134 939 3182 non
959 3115 1098 3199 61116166,
1119 3120 1158 3181 62
1176 3122 1253 3198 6662

95 3219 239 3285 lituram
273 3220 397 3304 reliqua
429 3208 533 3288 etiam
556 3223 681 3288 rectius
705 3222 881 3301 intelligas.
911 3221 1044 3288 Dixeris
1067 3222 1171 3288 fuisse
1195 3225 1251 3304 qui

96 3326 309 3392 zizaniorum
328 3327 437 3394 instar
455 3329 608 3394 diuinum
627 3346 750 3394 nomen
761 3328 891 3410 passim
903 3328 1252 3409 superseminauisset.

113 3421 116 3426 ¹
147 3433 226 3498 iam
257 3435 461 3500 mirabamur
497 3437 524 3518 1,
559 3438 597 3500 6:
631 3435 682 3497 καὶ
708 3440 759 3497 τοῦ
786 3434 884 3511 κυρίου
908 3438 985 3515 post
1010 3435 1093 3507 ἡμῶν
1115 3439 1150 3500 61
1172 3441 1253 3503 anie

97 3535 262 3612 δεξάμενοι
279 3539 343 3603 ιινὲ.
367 3540 406 3606 In
424 3543 452 3622 1,
470 3543 512 3606 10
529 3543 648 3607 verba:
669 3532 699 3603 ὃν
721 3541 839 3618 ἤγειρεν
858 3577 890 3586 -
909 3542 1075 3619 ἐρχομένης
1095 3541 1250 3622 languide

96 3645 284 3712 adhaerent
306 3665 367 3713 666
390 3652 491 3732 uacat
514 3648 701 3729 suspicione
725 3664 884 3728 praesens
909 3645 1061 3722 ῥυόμενον.
1087 3648 1127 3713 16
1151 3651 1180 3733 2,
1211 3653 1251 3715 14

98 3757 262 3819 notamus
287 3753 366 3819 illud
387 3754 416 3816 ἐν
440 3755 536 3832 χριςῷ
561 3758 649 3824 lacot
671 3757 748 3836 6662
768 3755 798 3816 ἐν
819 3763 857 3832 τῇ
881 3752 1012 3834 Ἰουδαίᾳ
1034 3757 1069 3820 62
1090 3755 1254 3821 miramur

97 3863 178 3924 turn
202 3860 271 3942 hic,
298 3864 374 3925 tum
397 3860 467 3926 Gal.
496 3864 528 3942 1,
555 3862 597 3924 22
621 3861 657 3925 16
682 3860 804 3924 Iudaea
827 3859 939 3940 plures
961 3861 1066 3924 fuisse
1087 3860 1252 3927 ecclesias.

96 3966 261 4031 Universi
295 3965 424 4036 161661,
446 3967 603 4032 dicuntur
638 3966 754 4030 iesum
786 3965 1008 4030 trucidauisse
1042 3966 1080 4045 2,
1115 3965 1174 4046 15;
1198 3971 1254 4032 662

97 4073 273 4153 praeterea
296 4073 528 4138 observatione
552 4073 707 4151 dignum,
733 4072 768 4136 in
793 4075 867 4136 tam
890 4074 1004 4136 vetere
1023 4072 1105 4137 libro
1126 4071 1253 4139 nullam

97 4177 327 4253 conversionis
345 4196 440 4259 spem
460 4178 502 4244 iis
520 4179 671 4243 relictam
691 4178 804 4243 trisse.
826 4177 961 4244 Additis
973 4177 1086 4242 verbis
1099 4180 1198 4249 Ἰησοῦ
1213 4216 1245 4225 -

97 4283 254 4364 παρουσίᾳ
279 4285 315 4366 2,
344 4285 384 4348 19
407 4284 621 4349 infuturum
645 4287 781 4365 tempus
805 4283 956 4348 differtur
981 4283 1067 4364 quod
1091 4285 1250 4351 continuo

98 4393 179 4472 6662
199 4390 300 4475 (ὑμεῖς
322 4389 382 4468 ἐςὲ)
404 4393 476 4473 jam
499 4407 656 4473 praesens
679 4390 796 4456 adesse
817 4389 946 4455 dicitur.
967 4389 1055 4455 Hinc
1071 4389 1107 4454 in
1128 4390 1251 4457 additis

99 4497 213 4566 verbis
236 4498 325 4562 inest
348 4497 493 4562 contorti
516 4497 639 4577 aliquid
662 4499 697 4560 62
720 4513 840 4576 parum
860 4494 1005 4576 elegans,
1029 4496 1114 4576 quod
1133 4497 1251 4562 itidem
