3192 5325
911 551 987 620 .166

375 729 587 813 illuderetur,
607 749 688 797 nam
706 748 773 796 non
793 731 967 796 contendit
987 731 1129 813 scriptor
1141 747 1410 815 unumquemque
1419 731 1501 810 φύσει

375 839 444 905 Ι)θο
465 839 593 921 placere
615 855 711 920 posse
730 839 784 904 vel
801 837 895 917 Φύσει
917 836 959 900 τὰ
979 840 1032 900 τοῦ
1052 836 1143 914 νόμον
1164 845 1258 902 ποιεῖν
1270 840 1385 916 Ι(110111.
1399 840 1426 920 2,
1441 840 1502 924 14);

375 947 458 1010 sunt
487 945 577 1010 enim
607 945 724 1010 ludaei
755 945 816 1010 soli
840 944 865 1008 oi
889 943 975 1008 κατὰ
999 944 1093 1023 φύσιν
1120 946 1178 1026 11,
1205 947 1263 1026 24,
1290 945 1348 1010 sed
1370 945 1503 1011 Gentiles

374 1051 409 1113 ἐκ
432 1058 487 1124 τῆς
510 1049 596 1114 κατὰ
618 1049 712 1131 Φύσιν
737 1048 927 1125 ἕξειιόπησαν
946 1050 1125 1128 αγριελαιόιι
1146 1050 1261 1134 (ibit).
1281 1052 1397 1116 Omnis
1414 1052 1503 1116 Israel

374 1158 490 1224 salvus
519 1159 600 1238 erit,
632 1174 699 1222 non
722 1158 809 1238 quod
833 1158 960 1222 effusus
982 1159 1035 1222 est
1058 1157 1214 1222 omnibus
1237 1157 1423 1222 Mediatoris
1442 1175 1503 1222 sen-

375 1265 467 1345 gum,
499 1264 557 1329 sed
586 1265 771 1330 secundum
802 1263 856 1337 τὴν
888 1263 972 1340 παρὰ
1006 1265 1070 1328 θεοῦ
1096 1263 1238 1338 διαθήκην
1272 1271 1333 1343 (VS.
1358 1264 1503 1343 2111111

374 1371 524 1453 perhibet
547 1371 712 1452 promissa
734 1370 794 1435 Dei
818 1372 853 1436 in
878 1371 1009 1437 Christo
1034 1372 1171 1437 demum
1193 1371 1261 1437 fore
1285 1370 1334 1433 ναὶ
1360 1369 1408 1433 καὶ
1433 1369 1503 1446 ὠμήν

374 1478 426 1554 (ei.
452 1477 569 1542 2011.
595 1478 632 1557 1,
658 1476 730 1559 20),
754 1478 814 1542 sed
836 1479 932 1542 Rom.
960 1480 1019 1558 11,
1046 1479 1106 1559 28;
1133 1480 1175 1543 29
1196 1477 1313 1543 ludaei
1337 1478 1504 1558 diliguntur

374 1581 423 1646 are
455 1581 525 1652 τοὺς
557 1580 696 1658 πατέρας
728 1585 763 1647 et
794 1581 1060 1664 quandoquidem
1091 1582 1133 1646 τοὶ
1166 1581 1357 1663 χαρίσματα
1380 1587 1429 1647 τοῦ
1452 1584 1507 1646 θεοῦ

374 1693 455 1755 sunt
486 1686 729 1764 ἀμεταμέλητα.
753 1689 957 1754 Judaeonrm
982 1689 1124 1752 ἀπείθεια
1150 1690 1265 1754 eodem
1288 1689 1358 1756 loco
1381 1694 1506 1770 estque

374 1796 558 1862 Gentilium
589 1800 669 1872 (uss,
701 1795 849 1878 30-32)
877 1812 937 1860 nec
966 1794 1124 1878 legimus,
1152 1796 1252 1860 sicuti
1279 1797 1295 1860 1
1322 1797 1393 1862 Gor.
1417 1798 1451 1878 2,
1472 1797 1504 1875 8,

374 1903 516 1968 ludaeos
539 1899 721 1967 Dominum
744 1902 865 1980 gloriae
884 1903 974 1966 cruci
992 1902 1152 1968 affixisse.
1172 1902 1272 1984 Apud
1294 1903 1507 1969 Christianum

374 2009 571 2090 scriptorem
601 2012 678 2089 post
700 2003 721 2069 ὦ
744 2005 840 2082 βάθος
865 2025 916 2073 vs.
942 2009 984 2072 33
1008 2011 1246 2090 exspectamus
1275 2007 1403 2088 χάριτος
1425 2013 1458 2074 11
1477 2010 1506 2072 in

374 2116 546 2194 doxologia
575 2115 827 2180 commemorari
850 2114 1011 2180 debuerat
1034 2115 1112 2196 quid
1137 2116 1236 2181 lesus
1259 2117 1455 2181 contulisset
1473 2114 1507 2178 el

375 2222 572 2286 solvendum
596 2220 787 2286 divinorum
810 2219 1023 2286 consiliorum
1047 2237 1217 2286 arcanum.

420 2327 609 2392 Periculum
638 2326 747 2390 estin
778 2325 870 2392 omni
894 2330 1092 2404 argumento
1117 2343 1136 2391 e
1159 2327 1292 2392 silentio
1316 2329 1435 2411 petito,
1459 2326 1505 2391 sed
1572 2289 1573 2330 l

374 2437 429 2498 est
450 2436 566 2498 tamen
586 2431 759 2496 silentium
781 2432 945 2497 disertum
969 2432 1112 2513 licetque
1134 2436 1210 2498 tuto
1233 2433 1416 2516 affirmare,
1441 2449 1505 2498 eum

375 2540 432 2620 qui
455 2539 589 2619 scripsit
612 2539 707 2603 Rom.
736 2538 793 2620 11,
822 2538 970 2620 11-36,
996 2539 1109 2604 virum
1131 2540 1236 2604 fuisse
1259 2541 1313 2605 cui
1332 2539 1413 2605 nihil
1431 2538 1505 2604 esset

376 2645 489 2711 divina
511 2644 736 2711 misericordia
758 2645 896 2729 certius,
922 2645 1011 2711 unde
1030 2647 1126 2711 totus
1145 2646 1199 2711 hic
1217 2664 1331 2713 rerum
1351 2647 1426 2713 ordo
1444 2662 1504 2729 pen-

375 2753 483 2832 deret,
517 2752 575 2816 sed
605 2752 750 2816 eundem
780 2751 973 2831 planissime
1008 2752 1174 2819 Judaeum
1205 2753 1318 2818 fuisse.
1352 2754 1416 2819 Ubi
1437 2753 1505 2833 eJus-

375 2858 463 2924 modi
495 2860 731 2937 argumentum
761 2860 945 2941 tractatur,
977 2860 1225 2940 exspectaverit
1256 2860 1422 2942 quispiam
1450 2876 1505 2923 non

375 2965 489 3045 quaeri
522 2963 639 3028 debere
674 2965 762 3029 sitne
802 2965 942 3045 scriptor
983 2964 1192 3030 Christianus
1228 2982 1351 3047 neone,
1392 2966 1445 3031 sed
1477 2964 1506 3027 ln

374 3071 617 3152 apocatastasis
645 3070 772 3152 hymno
804 3070 846 3134 ab
875 3069 1062 3136 Christiano
1085 3071 1245 3153 scriptore
1268 3072 1456 3151 flagitamus
1474 3071 1506 3133 11

375 3176 495 3241 tibiam
517 3176 613 3241 1111111
636 3178 671 3241 et
694 3178 811 3241 canat:
836 3174 899 3246 θεὸς
924 3169 958 3249 ἦν
982 3177 1012 3239 ἐν
1035 3178 1132 3256 χριςῷ
1156 3178 1268 3253 κόσμον
1291 3178 1505 3242 καταλλάσσων
1570 3188 1571 3209 ¹

377 3283 496 3361 ἑαυτῷ,
533 3282 578 3357 μὴ
613 3279 809 3361 λογιζόμενος
846 3282 952 3352 αὐτοῖς
983 3282 1026 3347 τοὶ
1059 3288 1307 3365 παραπτώματα
1339 3286 1436 3351 αὐτῶν
1463 3281 1505 3347 καὶ

377 3387 497 3464 θέμενος
522 3388 552 3451 ἕν
576 3390 649 3465 ἡμῖν
671 3387 723 3453 τὸν
747 3389 840 3468 λόγον
862 3398 919 3460 τῆς
945 3400 1157 3469 καταλλαγῆς
1182 3391 1217 3475 (2
1242 3393 1316 3459 Cor.
1343 3395 1381 3476 5,
1405 3392 1462 3477 19).
1524 3440 1526 3445 -

896 3657 915 3733 ξ,
940 3654 992 3719 12.

748 3837 926 3905 lhuclotur
949 3842 1048 3923 copul
1072 3838 1158 3905 XII.

420 4024 500 4107 Hic,
525 4025 566 4088 ut
588 4040 708 4089 verum
730 4022 913 4104 fateamur,
934 4023 1045 4089 omnia
1066 4025 1218 4105 obscura,
1248 4024 1335 4103 qued
1356 4024 1392 4088 in
1411 4022 1506 4104 capite

376 4129 586 4213 paraenetico
611 4129 750 4195 minime
774 4130 1033 4209 exspectaveris,

421 4237 500 4303 Vss.
535 4238 570 4318 1;
604 4237 623 4300 2
654 4253 722 4301 111
748 4234 966 4314 intelligimus
989 4252 1054 4315 quo
1078 4252 1182 4304 sensu
1206 4234 1257 4300 troi
1280 4234 1339 4297 τῶν
1365 4234 1506 4311 οἰκτιρμῶν

376 4347 429 4407 τοῦ
464 4341 527 4406 θεοῦ
556 4343 719 4425 jungatur
749 4357 828 4406 cum
858 4342 958 4407 Verbo
982 4348 1187 4419 παρακαλεῖν.
1223 4346 1407 4419 Παραςῆσαι
1431 4343 1507 4407 carel

377 4449 491 4515 dativo
521 4464 617 4530 casu,
642 4464 723 4512 nam
753 4446 795 4525 τῷ
831 4445 884 4525 θεῷ
916 4448 1126 4514 referendum
1157 4450 1199 4514 ad
1230 4446 1380 4525 εὐάρεςον.
1410 4448 1507 4513 Etiam
1567 4462 1568 4515 l

377 4558 512 4638 propter
543 4570 685 4635 sequens
718 4553 824 4617 θυσίαν
853 4554 996 4634 cogitare
1009 4555 1174 4639 {cogimur
1207 4555 1247 4621 de
1277 4572 1351 4639 ara,
1378 4556 1433 4621 sed
1454 4570 1506 4636 qno
