3192 5325
674 558 717 628 57

114 741 212 808 illam
236 744 344 809 crucis
367 743 692 809 commendationem
711 744 925 827 vituperant3
946 747 982 809 et
1002 747 1272 812 nuncoommode

113 851 149 916 ei
181 850 219 914 in
246 853 398 915 mentem
421 851 517 915 venit
538 851 600 916 loci
620 851 678 931 qui
702 851 824 929 legitur
845 852 912 918 Iob.
937 853 966 935 5,
997 852 1037 916 13
1063 851 1114 928 (oi.
1142 853 1214 918 Gal.
1242 855 1269 936 1,

115 957 149 1020 8.
185 955 222 1038 5,
254 953 333 1037 10¹³).
365 955 542 1038 Templum
573 960 626 1021 est
658 957 755 1022 cuius
787 973 841 1021 res
871 957 998 1040 agitur,
1032 975 1100 1024 non
1130 975 1272 1040 persona
1392 989 1395 993 ·

112 1063 273 1143 paetoris.
299 1063 392 1143 Quod
416 1063 652 1144 pneumaticus
677 1063 819 1144 scriptor
843 1066 923 1128 ante
947 1064 1093 1139 dixerat,
1121 1065 1272 1146 impense

113 1168 256 1248 probat:
289 1185 331 1232 ne
359 1169 435 1250 quis
465 1169 502 1232 in
534 1168 725 1234 hominibus
747 1167 908 1247 glorietur
930 1167 1024 1251 (nam
1048 1169 1127 1234 olim
1150 1188 1200 1235 vs.
1227 1173 1265 1238 21

115 1273 242 1338 statim
276 1275 477 1355 sequebatur
506 1277 584 1356 post
614 1292 665 1339 vs.
691 1277 740 1355 9);
765 1291 827 1339 nec
850 1275 982 1340 dubitat
1006 1275 1173 1341 affirmare
1196 1293 1270 1344 esse

114 1397 239 1445 omnes
268 1382 419 1461 pastores
442 1379 599 1446 eeclesiae
621 1381 812 1461 ministros;
838 1381 980 1461 denique
1004 1382 1126 1447 oblitus
1150 1399 1270 1449 versus

115 1490 148 1566 1,
172 1487 226 1566 12,
251 1487 300 1551 ita
322 1490 474 1568 perorat:
499 1486 587 1561 ὑμεῖς
611 1490 735 1571 χριςοῦ,
764 1485 870 1567 χρνςὸς
897 1487 927 1550 δὲ
952 1489 1027 1552 θεοῦ.
1053 1488 1116 1554 Vel
1139 1490 1269 1574 potiUS,

113 1591 260 1657 minime
282 1591 502 1674 obliviscitur,
528 1594 585 1658 sed
609 1611 710 1659 versu
736 1597 765 1675 1,
780 1596 834 1659 -12
858 1594 978 1660 leviter
1001 1595 1197 1677 immutato,
1223 1597 1270 1662 lu·

114 1697 269 1762 culenter
288 1698 414 1763 indicat
424 1715 596 1780 quousque
619 1700 851 1780 pneumaticos
863 1704 1023 1781 sequatur
1046 1704 1081 1766 et
1098 1718 1271 1782 quousque

112 1822 175 1870 eos
199 1821 236 1869 se
258 1804 353 1885 sequi
375 1805 531 1885 postulet.
558 1805 612 1869 Ad
635 1803 708 1870 illos
732 1805 899 1885 imprimis
922 1806 1051 1871 dictum
1074 1810 1146 1871 erat
1170 1808 1269 1873 illud:

114 1909 208 1986 ὑμεῖς
233 1910 264 1973 δὲ
288 1913 406 1989 χριςοῦ.

163 2014 298 2083 Sensim
322 2033 582 2082 consuescamus
605 2018 737 2096 oportet
756 2016 852 2082 Pauli
869 2018 1022 2098 Episcopi
1040 2019 1135 2099 quasi
1148 2020 1270 2101 duplici

111 2123 229 2189 indoli.
261 2123 417 2188 Ostendit
448 2123 601 2188 animum
624 2139 703 2188 vere
727 2123 948 2188 christianum
972 2141 1077 2206 aeque
1099 2129 1272 2191 remotum

113 2247 138 2294 a
162 2229 278 2294 Stoica
311 2229 512 2295 sufficientia
539 2231 641 2310 atque
664 2247 685 2294 a
706 2230 921 2310 pneumatica
950 2230 1122 2311 superbia,
1155 2248 1273 2296 revera

112 2335 297 2416 profitetur
326 2353 454 2400 novum
485 2335 669 2400 officiorum
699 2335 915 2418 principium,
953 2336 1050 2401 cuius
1082 2336 1273 2420 symbolum

112 2459 203 2505 crux
236 2443 307 2521 est3
340 2458 442 2521 quam
464 2441 647 2520 imaginem
671 2441 732 2505 Dei
754 2441 916 2521 patientis
939 2442 1099 2507 mortales
1119 2443 1190 2523 jam
1213 2459 1272 2523 per

112 2547 229 2612 multa
252 2547 383 2612 saecula
407 2547 632 2627 somniarent,
658 2564 734 2612 eam
755 2549 897 2634 exutam
916 2547 1072 2612 omnibus
1094 2548 1269 2613 inutilibus

110 2652 298 2719 involucris
317 2652 552 2735 pantheistiois
571 2656 607 2718 11
630 2652 790 2733 orphicis,
815 2651 938 2719 colorat
961 2653 1162 2735 perfectione
1185 2672 1271 2734 quae

111 2776 254 2825 summa
274 2761 327 2824 est
351 2761 387 2825 11
412 2759 541 2824 virtute
564 2776 649 2839 quae
673 2759 754 2824 nihil
777 2759 842 2823 sibi
864 2759 1023 2838 indulget.
1049 2759 1269 2840 Nequehaec

111 2865 233 2931 omnia
265 2868 433 2947 praestat,
472 2865 631 2945 quoniam
664 2865 840 2943 cogitando
869 2882 994 2931 novam
1029 2865 1271 2946 philosophiam

112 2970 281 3054 edolavit,
318 2970 377 3036 sed
412 2972 569 3052 quoniam
604 2970 683 3035 talis
718 2973 773 3035 est
802 2970 910 3052 qualis
945 2973 1012 3053 est,
1043 2988 1162 3051 nempe
1191 2971 1273 3036 nihil

113 3078 290 3159 professus
321 3079 453 3158 praeter
482 3077 583 3141 deum
613 3076 703 3142 cruci
731 3076 888 3158 affixum,
924 3093 1056 3141 summo
1088 3093 1202 3140 rerum
1225 3094 1273 3141 ar·

112 3184 208 3248 bitro
225 3183 407 3249 obnoxium
425 3198 462 3247 se
480 3198 554 3247 esse
573 3182 740 3262 sentisne,
762 3181 922 3263 quamdiu
944 3197 980 3247 31
1003 3181 1116 3262 ipsum
1137 3182 1273 3262 respicit

113 3289 303 3373 invaliduS,
330 3289 387 3354 sed
411 3287 470 3352 Dei
492 3287 612 3354 fiducia
636 3287 763 3367 egregie
787 3287 1015 3352 confirmatus.

164 3397 272 3461 Juxta
293 3395 375 3460 illud
397 3394 494 3476 plane
518 3393 697 3473 eximium,
719 3393 805 3473 quod
825 3393 1033 3457 nullomodo
1053 3391 1158 3473 pluris
1177 3394 1274 3458 aesti-

112 3502 206 3567 mari
240 3503 352 3581 potest
386 3517 490 3581 quam
526 3501 673 3579 oporiet,
706 3498 874 3578 imprimis
906 3515 971 3578 quo
1002 3500 1154 3577 tempore
1186 3515 1274 3563 nova

110 3608 231 3686 religio
273 3609 391 3671 exorta
425 3608 496 3686 est,
529 3605 694 3669 minorem
723 3604 758 3667 in
790 3620 829 3669 eo
858 3603 1022 3668 offendere
1046 3603 1209 3668 vellemus
1237 3619 1273 3667 se

111 3711 315 3779 defendendi
340 3711 547 3792 cupidinem,
575 3726 654 3774 nam
678 3708 785 3773 multo
810 3709 918 3788 magis
939 3725 1040 3789 quam
1061 3711 1269 3791 oportuerat,

112 3835 219 3884 suam
243 3834 421 3898 personam
444 3816 566 3896 ubique
588 3814 747 3879 obtrudit.
772 3815 917 3879 Laborat
936 3831 976 3878 ea
996 3814 1166 3889 vanitate,
1188 3833 1273 3895 quae

113 3922 260 3989 minime
290 3939 366 3986 rara
396 3925 450 3987 131
481 3921 517 3985 in
547 3921 588 3987 iis
611 3921 805 3985 hominibus
828 3919 885 4000 qui
909 3918 992 3984 nihil
1015 3919 1079 3984 sibi
1103 3925 1271 3999 arrogant.

113 4028 258 4096 Invenit
287 4027 324 4091 in
353 4026 435 4091 libro
464 4045 567 4107 quam
592 4027 766 4091 describit:
791 4025 805 4087 1
831 4025 863 4087 δὲ
886 4024 1095 4097 πνευματικὸς
1121 4026 1272 4107 ἀνακρίνει

114 4136 179 4211 μὲν
208 4130 333 4213 πάντα,
366 4130 459 4201 αὐτὸς
490 4131 521 4194 δὲ
554 4130 606 4193 ὑπ’
639 4130 754 4200 οὐδενὸς
786 4130 981 4207 ἀνακρίνεται
1007 4132 1059 4214 (2,
1086 4133 1156 4211 15);
1180 4132 1273 4199 addit

114 4241 252 4307 aulem:
285 4224 354 4300 obl
379 4236 543 4315 ἀνακρίνων
566 4261 607 4313 με
632 4237 729 4316 κύριός
755 4237 816 4304 ε’ςνν
840 4237 881 4319 (4,
910 4236 951 4319 5).
978 4237 1137 4315 Legerat:
1163 4222 1273 4301 λαλόῦ·

114 4368 178 4422 μεν
215 4344 280 4406 θεοῦ
312 4343 426 4421 σοφίαν
458 4344 487 4405 ἐν
512 4344 664 4425 μνςνρίῳ,
690 4343 744 4415 τὴν
770 4340 1068 4420 ἀποκεκρυμμένην·
1105 4344 1176 4419 ἡμῖν
1210 4343 1272 4423 γὰρ

115 4448 330 4527 ἀπεκάλνψεν
354 4448 377 4519 ὃ,
392 4447 455 4521 θεὸς
481 4448 532 4512 διά
556 4453 609 4512 τοῦ
635 4449 812 4525 πνεύματος
834 4448 878 4533 (2,
903 4452 921 4515 7
940 4451 976 4514 et
999 4449 1073 4533 10),
1095 4448 1153 4513 sed
1164 4449 1272 4513 addid:

116 4559 204 4637 ἡμᾶς
234 4551 401 4635 λογιζέσθω
432 4551 603 4633 ἅνθρωπος,
635 4555 673 4626 ὥς
707 4554 860 4634 ὑπηρέτας
884 4558 992 4634 χριςοῦ
1022 4552 1074 4617 καὶ
1098 4550 1269 4628 οἱκονάμους
