3192 5325
668 531 732 594 133

158 714 301 780 Horum
323 714 500 780 verborum
523 731 662 782 sensum
683 715 833 780 redactur
852 730 921 778 non
938 716 1114 780 assecutus
1133 716 1186 780 est
1205 713 1263 780 ita-

109 837 199 903 que,
234 838 341 902 quum
368 821 465 886 unioe
495 824 649 900 ageretur
678 821 718 886 de
748 822 878 887 ratione
909 839 975 903 qua
998 821 1170 887 Abraham
1195 839 1263 903 pro·

109 927 295 993 missionis
323 929 432 994 faetus
460 928 570 992 iuerat
598 928 779 1008 particeps
806 927 897 993 addit
920 928 1201 994 commentarium
1224 927 1264 992 de

109 1035 268 1116 ratione,
299 1052 363 1116 qua
392 1034 510 1100 Judaei
541 1034 696 1099 Abrahae
726 1033 947 1100 hereditatem
972 1034 1107 1100 adeunt.
1133 1035 1193 1100 Vs.
1222 1035 1262 1098 14

109 1141 266 1207 seribere
295 1142 470 1207 debuerat:
497 1140 614 1221 quodsi
637 1140 728 1206 enim
752 1140 923 1206 Abraham
947 1143 1080 1222 propter
1103 1141 1264 1222 pietatem
1379 1194 1384 1201 .

109 1248 290 1330 particeps
317 1249 371 1314 est
399 1248 509 1313 faetus
533 1246 778 1328 promissionis;
803 1247 861 1312 sed
884 1247 1007 1313 transit
1030 1248 1072 1314 ad
1095 1249 1259 1332 JudaeoS,

110 1352 200 1419 dum
225 1355 277 1419 ita
300 1354 423 1436 pergit:
444 1353 470 1417 d
489 1351 552 1430 γὰρ
571 1352 596 1416 ol
617 1354 651 1415 ἐκ
672 1351 761 1427 νόμον
782 1353 845 1418 uri.
866 1353 1034 1435 Oppositio
1054 1372 1138 1436 quae
1157 1355 1267 1420 iuerat

110 1460 209 1525 inter
242 1458 329 1535 νόμον
356 1463 392 1525 et
423 1460 522 1540 τίσιν,
555 1458 633 1524 hine
655 1459 746 1525 enim
768 1459 923 1526 Abrahae
946 1461 1057 1525 virtus
1081 1461 1262 1544 repetitur,

108 1567 188 1648 jam
212 1566 305 1631 facta
328 1568 382 1632 est
403 1567 464 1632 hoc
486 1566 583 1632 modo
602 1565 763 1647 oppositio
783 1565 873 1632 inter
891 1566 912 1630 J
914 1566 1035 1632 udaaos
1054 1571 1089 1632 et
1108 1567 1264 1633 Christia-

111 1689 198 1753 nos;
238 1689 300 1738 nee
333 1675 449 1738 tamen
479 1672 512 1737 id
544 1673 657 1753 ipsum
686 1672 884 1753 peremnia
913 1673 1055 1738 firmiter
1078 1674 1262 1755 retinetur,

111 1795 201 1843 nam
230 1778 382 1844 redaotor
403 1795 484 1842 mox
506 1780 649 1858 vagatur
670 1780 768 1846 extra
790 1779 879 1844 oleas
901 1777 1058 1860 additque
1080 1779 1262 1845 absurdum

111 1899 262 1950 versum
288 1885 337 1967 16,
362 1884 419 1950 ubi
441 1884 583 1963 legimus
602 1883 711 1951 Deum
733 1884 846 1950 nescio
865 1885 943 1966 quid
960 1884 1142 1967 pollicitum
1162 1886 1266 1952 fuisse

112 2007 188 2055 non
212 1990 349 2056 iudaeis
371 1992 526 2066 tantum,
549 1991 606 2056 aed
627 1992 726 2055 etiam
749 1989 909 2056 fidelibus·
933 1991 1008 2072 Ipse
1032 1992 1174 2072 scriptor
1194 2008 1266 2058 oon·

114 2097 296 2162 tenderat:
321 2096 396 2163 Non
418 2099 472 2162 est
490 2096 663 2163 Abraham
681 2097 882 2163 ludaeorum
901 2100 996 2178 pater
1015 2099 1080 2163 nisi
1099 2101 1265 2180 quatenus

111 2203 237 2268 fideles
268 2206 367 2284 sunt;
398 2202 615 2284 interpolator
645 2206 777 2270 autem:
811 2202 983 2270 Abraham
1005 2206 1100 2284 pater
1123 2207 1266 2270 estnon

112 2312 261 2375 tantum
279 2309 497 2394 Judaeomm,
517 2307 574 2375 sed
593 2310 698 2378 etiam
717 2310 874 2376 fidelium.
895 2307 1057 2392 Scriptor:
1081 2311 1171 2392 Quod
1183 2328 1266 2392 opus

112 2420 191 2499 est,
225 2414 260 2480 id
282 2433 350 2482 non
373 2417 466 2482 dabit
487 2433 594 2496 genus
617 2417 674 2486 sed
697 2418 768 2484 sola
790 2418 882 2484 fides.
906 2417 1144 2499 interpolator:
1168 2417 1260 2499 Quod

112 2540 206 2605 opus
229 2525 295 2606 est,
320 2522 353 2588 id
376 2540 444 2588 non
466 2539 573 2602 genus
596 2526 735 2590 tantum
756 2525 866 2606 dabit,
892 2524 950 2590 sed
974 2523 1080 2590 etiam
1103 2524 1195 2590 fidae.

163 2629 232 2695 Sed
255 2629 364 2711 pergit
386 2629 536 2697 redactur
555 2630 726 2712 scriptoris
745 2631 848 2699 verba
868 2629 932 2699 alio
944 2630 1126 2699 deflectere.
1151 2630 1266 2699 Veluti

112 2736 173 2801 hio
207 2736 331 2801 diserte
361 2736 509 2812 dixerat,
534 2737 615 2802 dnm
638 2717 811 2803 Abraham
833 2740 1004 2819 reputaret
1027 2756 1142 2804 secum
1165 2756 1267 2821 quam

113 2843 215 2906 esset
233 2840 293 2906 Dei
311 2841 477 2909 immensa
495 2843 660 2927 potentia,
682 2844 742 2909 vix
760 2844 899 2910 tandem
917 2860 997 2911 eum
1007 2844 1095 2923 adigi
1106 2846 1265 2927 potuisse,

114 2952 159 3015 ut
184 2948 286 3013 fidem
309 2948 456 3014 haberet.
480 2942 626 3030 Scriptor
649 2951 810 3034 ostendit,
836 2953 912 3031 post
934 2952 1063 3031 quanta
1084 2950 1267 3017 certamina

114 3053 261 3119 tandem
283 3054 489 3134 pedetentim
511 3054 722 3123 Patriarehae
745 3056 828 3121 fides
851 3058 924 3121 tam
947 3056 1034 3121 altas
1053 3056 1179 3121 radiees
1197 3073 1267 3136 ege·

114 3161 182 3225 rit:
217 3158 387 3232 ἀσθενήσας
418 3167 457 3238 τῇ
496 3159 598 3238 τίσει,
745 3162 777 3228 οὐ
809 3160 934 3239 διεκρίθη
975 3170 1012 3240 τῇ
1044 3161 1156 3243 clareia

117 3265 330 3339 ἐνεδυναμώθη
354 3275 392 3346 τῇ
417 3265 499 3333 τίσει
523 3270 559 3334 et
578 3269 638 3334 Vix
657 3268 795 3351 tandem
815 3266 1051 3346 ἕτληρνφνρηθη.
1077 3268 1266 3335 Seomdum

117 3374 323 3454 scriptorem
344 3373 378 3437 id
397 3376 534 3442 tantum
555 3374 618 3439 sibi
636 3378 848 3456 persuaserat
868 3376 1056 3459 Abraham,
1077 3370 1121 3439 ὅτι
1142 3364 1266 3452 italy-

115 3494 238 3557 γελται
264 3478 388 3548 δυνατός
413 3479 457 3545 ἔτι
482 3479 544 3551 θεὸς
572 3479 624 3545 καὶ
645 3488 787 3555 ποιῆται..
805 3482 970 3549 Bredaotor
988 3482 1125 3564 prolatis
1144 3482 1267 3549 finibus

117 3584 291 3667 simulque
325 3586 553 3656 Grammatiea
582 3586 721 3670 dolata,
755 3606 833 3654 oum
863 3587 1026 3673 Genetivo
1055 3582 1089 3653 οὗ
1120 3588 1265 3672 (vali)

120 3904 172 3952 hue
194 3903 298 3965 quadrat
323 3916 448 3966 secumque
468 3899 545 3951 trahit
566 3915 601 3949 va.
627 3900 687 3958 lta,
710 3915 787 3964 aquo
805 3899 887 3949 divelli
903 3899 999 3964 nequit;
1018 3900 1047 3951 5⁰
1064 3915 1092 3949 ex
1108 3916 1142 3951 ve.
1161 3902 1264 3965 16,ηυὶ

122 4000 243 4048 nusquam
261 3984 365 4033 refertur
382 3999 425 4031 nee
441 3983 530 4048 poterit
547 3983 597 4032 ullo
614 3983 684 4032 modo
700 3981 804 4046 intelligi
821 3998 854 4031 vs.
874 3983 921 4031 lta
938 3986 962 4031 et
977 3998 1011 4032 ve.
1030 3983 1077 4032 itt
1090 3983 1162 4032 verba
1176 3981 1221 4032 νίιιι
1235 3980 1263 4032 in

122 4069 172 4117 τοῦ
190 4067 265 4126 νόμον
283 4068 355 4126 μόνον
372 4068 506 4129 repugnant
522 4082 556 4114 ve.
576 4066 620 4124 14,
640 4064 679 4114 ubi
696 4064 816 4115 hereditas
833 4061 861 4113 ἐν
878 4066 952 4125 νόμον
970 4069 994 4114 et
1008 4062 1264 4124 hereditasixrrlqsur

122 4150 254 4213 eregione
280 4153 446 4215 opponuntur,
465 4150 504 4197 sed
521 4164 548 4198 vs
574 4147 623 4197 lob
640 4148 718 4197 altera
730 4146 801 4211 juxta
817 4147 918 4197 alteram
934 4147 1013 4196 locum
1029 4150 1107 4207 tenen
1124 4149 1154 4196 6ο
1170 4164 1200 4197 ex
1216 4164 1262 4197 ves.

124 4232 187 4290 17b3
206 4233 246 4290 18,
256 4246 311 4281 nem
328 4247 388 4296 quae
405 4234 441 4280 eat
457 4232 503 4280 iata
517 4230 649 4281 eoebritiea:
668 4228 802 4279 αατίναντι
819 4222 847 4278 αὖ
865 4226 1069 4287 iriquum...
1086 4228 1113 4289 ὃς
1131 4248 1156 4280 τ.
1172 4228 1192 4280 ἰ.
1207 4228 1226 4280 ἦ.
1243 4227 1262 4281 ἰ.

124 4314 304 4372 ἐτίςενσεν
325 4314 364 4364 vel
380 4314 452 4364 etiam
470 4313 568 4371 καθὼς
585 4312 775 4376 γέγραπται
793 4309 846 4361 ιιτὶ.
865 4309 997 4365 κατέναντι
1015 4305 1044 4362 οὗ
1063 4309 1261 4371 inlesum...

124 4398 161 4456 εἷς
179 4414 203 4445 τ.
222 4414 249 4459 ιγ,
266 4393 319 4445 aad.
345 4397 429 4445 κατα
456 4396 492 4444 τὸ
518 4393 688 4458 εἰρημένον.
714 4396 775 4445 Sunt
796 4396 855 4444 haec
879 4394 944 4461 aegri
966 4395 1068 4454 sumaim
1089 4394 1119 4447 7⁰
1135 4411 1148 4444 e
1165 4412 1198 4447 vs.
1217 4397 1262 4455 19,

123 4496 197 4545 quem
214 4483 295 4529 tamen
313 4494 407 4529 versum
422 4494 495 4544 supra
511 4478 645 4528 studuimus
657 4478 782 4543 aori-igere.
801 4476 920 4527 Credibile
934 4480 970 4527 eet
983 4477 1126 4543 pertitulam
1140 4476 1186 4539 μὲν
1199 4478 1262 4527 forte

124 4572 182 4612 ante
197 4561 354 4627 partieipium
369 4561 540 4627 transpositam
556 4562 686 4614 wrreetem
701 4561 773 4613 fuisse
790 4562 818 4611 ut
833 4558 868 4621 μη
884 4561 959 4611 ieret.
