3192 5325
642 536 817 603 89.

135 717 222 783 Cum
252 719 315 784 hoc
335 718 476 785 solemni
499 719 583 785 nihil
613 718 655 784 ab
686 717 782 783 initio
810 732 987 783 commune
1010 715 1156 781 habebat
1177 715 1239 780 fes·

88 826 178 905 tum,
215 842 280 907 quo
316 825 481 897 Ecclesiae
512 826 628 891 unitas
658 825 887 890 celebrabatur
917 821 949 905 (1
983 821 1055 887 Cor.
1086 822 1145 904 10,
1174 820 1240 904 16).

87 931 279 997 Narrabant
302 932 420 997 lesum
444 950 522 997 cum
547 932 718 1013 discipulis
741 929 1011 1009 accumbentem,
1030 930 1143 995 sumto
1155 944 1241 1007 pane

87 1036 230 1103 dixisse:
262 1037 344 1103 haec
374 1041 428 1103 est
463 1038 609 1103 Ecclesia
632 1055 724 1121 mea,
749 1054 864 1102 meum
886 1040 976 1110 educ
1000 1035 1036 1099 rt
1060 1032 1133 1110 ὑπὲρ
1158 1032 1239 1107 ὑμῶν

88 1141 287 1226 (secundum
319 1144 524 1210 Vaticanum
548 1143 718 1227 Oodicem,
740 1160 846 1224 neque
870 1142 1004 1207 additur
1027 1140 1241 1221 participium

85 1248 147 1312 Ev.
180 1249 254 1314 Joh.
287 1250 335 1333 6);
371 1252 425 1315 est
454 1250 547 1315 enim
575 1251 658 1315 haec
687 1249 824 1316 ecclesia
847 1265 949 1329 supra
969 1264 1032 1312 vos
1055 1248 1090 1311 et
1113 1261 1239 1327 reprae-

87 1356 204 1420 sentat
238 1372 318 1436 vos;
350 1356 466 1421 eodem
498 1373 600 1421 sensu
622 1373 687 1437 quo
710 1372 787 1421 eam
806 1352 1085 1435 praepositionem
1104 1366 1240 1431 usurpa·

84 1462 160 1524 tam
185 1460 336 1527 invenies
360 1462 462 1527 Hebr.
489 1461 526 1542 5,
554 1463 582 1525 1.

131 1563 294 1631 Catholici
316 1567 382 1631 viri
405 1570 539 1633 mature
557 1568 622 1633 duo
642 1568 805 1632 solemnia
816 1567 1033 1648 conjunxere,
1046 1564 1144 1644 idque
1152 1562 1238 1644 jure.

83 1671 201 1737 Etiam
224 1673 312 1753 apud
337 1672 546 1737 Christianos
570 1674 652 1738 dum
672 1673 828 1753 poculum
848 1670 1155 1750 circumferebatur,
1170 1685 1241 1732 sus·

82 1778 238 1858 picamur
267 1795 334 1843 non
366 1777 524 1844 continuo
546 1780 682 1860 periisse
707 1779 904 1844 memoriam
927 1779 1082 1843 ueterum
1106 1773 1238 1838 illorum

82 1884 252 1961 orgiorum
273 1901 454 1949 sacrorum.
480 1884 572 1950 Satis
595 1888 650 1949 est
672 1884 824 1950 credibile
845 1902 913 1948 non
933 1898 1049 1948 omnes
1070 1880 1172 1945 falsas
1184 1879 1241 1944 cri·

81 1990 287 2055 minationes
317 1991 437 2066 trisse,
466 2008 552 2072 quas
574 1991 725 2056 Gentiles
749 1990 951 2071 proferrent,
976 2004 1083 2069 quum
1106 1985 1140 2049 S.
1153 1985 1241 2072 ,Coe-

81 2113 168 2160 nam
193 2096 353 2161 acerrimo
378 2098 452 2163 odio
476 2100 763 2178 prosequerentur.
785 2098 907 2179 Erant,
925 2095 978 2159 uti
999 2094 1163 2175 vidimuS,
1184 2092 1242 2173 qui

84 2201 130 2265 ab
165 2194 433 2267 mena'Domini
463 2202 545 2268 ebrii
567 2203 731 2284 redirent3
757 2219 878 2283 nempe
898 2201 1026 2266 dudum
1048 2214 1241 2263 remansere

84 2305 234 2386 vestigia
267 2308 429 2388 antiquae
463 2309 759 2389 intemperantiae,
792 2325 899 2389 quum
929 2322 1047 2372 omnes
1078 2321 1114 2371 se
1145 2303 1243 2385 quasi

84 2412 322 2478 enthusiasmo
345 2416 507 2495 putarent
526 2414 672 2479 incitari.

131 2518 287 2583 Primum
322 2519 427 2599 igitur
460 2521 550 2601 apud
585 2521 712 2601 priscos
733 2520 806 2585 illos
831 2518 1017 2585 Catholicos
1039 2519 1240 2600 conjunctus

81 2625 185 2708 panis
220 2642 299 2691 cum
334 2626 449 2709 poculo
484 2627 566 2692 unt:
605 2627 723 2693 deinde
752 2627 926 2693 obtinuere
958 2627 1045 2708 quod
1077 2626 1120 2690 ab
1147 2624 1243 2690 initio

80 2733 268 2798 voluerunt
296 2734 492 2815 primusque
521 2734 613 2800 locus
637 2735 717 2816 pani
740 2735 840 2800 datus
862 2734 937 2798 fuit
963 2734 1072 2813 Quum
1095 2730 1242 2797 Ecclesia

82 2838 258 2903 Catholica
288 2856 343 2904 res
373 2840 540 2905 humanas
572 2840 820 2922 sapientissime
844 2840 1064 2920 discerneret,
1090 2841 1125 2902 et
1148 2837 1241 2901 intel·

81 2944 171 3009 lexit
202 2945 282 3024 quid
313 2945 514 3011 miserorum
543 2946 738 3012 mortalium
769 2946 873 3010 insita
904 2944 1030 3009 mentis
1053 2941 1239 3022 indigentia

83 3049 258 3127 flagitaret
288 3053 324 3115 et
354 3051 463 3116 sensit
494 3052 657 3132 quomodo
680 3050 962 3116 satmfaeiendum
978 3052 1068 3115 esset
1090 3048 1132 3113 iis
1154 3065 1239 3129 quae

82 3156 239 3221 humana
262 3159 387 3221 natura
409 3155 670 3236 flagrantissime
693 3157 906 3225 desideraret.

135 3261 486 3328 Transsubstantiatio
510 3262 650 3328 convelli
673 3281 740 3328 non
763 3262 885 3343 potuit.
918 3261 1064 3327 Ecclesia
1087 3262 1239 3326 Romana

81 3368 163 3432 tota
192 3385 236 3433 ex
267 3385 307 3433 ea
337 3369 470 3449 pendet.
507 3369 655 3434 Luthero
686 3368 859 3434 concordia
889 3367 979 3432 tanti
1002 3385 1069 3432 non
1093 3367 1177 3448 luit,
1202 3369 1245 3431 ut

80 3472 241 3554 proderet
265 3473 346 3538 illud
369 3472 452 3538 τοῦτ’
476 3474 534 3542 ε’ςί.
560 3474 719 3539 Calvinus
742 3474 906 3538 adversus
925 3472 1128 3552 Zwinglium
1149 3471 1241 3553 spiri·

79 3577 215 3643 tualem
238 3579 533 3645 manducationem
558 3579 725 3644 mordicus
748 3577 900 3644 retinuit.
932 3579 1026 3643 Inter
1049 3577 1241 3643 Protestan-

78 3688 158 3764 teS,
193 3683 341 3765 plerique
375 3685 432 3766 qui
461 3685 558 3751 hodie
588 3685 641 3766 pie
672 3687 708 3749 et
738 3683 886 3765 impulsu
918 3682 1109 3765 inexplebili
1140 3683 1182 3748 ad
1208 3678 1255 3747 ss

80 3790 236 3855 Coenam
268 3790 437 3874 adsident,
472 3793 533 3855 aut
564 3791 704 3856 credunt
733 3791 796 3855 aut
827 3789 1042 3870 suspicantur
1064 3789 1170 3869 certe,
1196 3787 1242 3852 in·

78 3893 217 3962 effabile
248 3895 414 3979 quoddam
446 3896 647 3979 mysterium
678 3894 843 3961 celebrari.
880 3895 1009 3960 Verum
1042 3894 1072 3958 si
1094 3893 1240 3977 quaer-is,

78 4003 119 4067 in
158 4001 394 4067 uetustissima
426 4002 617 4068 Christiana
639 4002 785 4067 Ecclesia
808 4000 890 4065 nihil
914 4003 968 4064 est
989 4000 1239 4065 transsubstan-

79 4105 233 4174 tiatione
256 4107 447 4191 antiquius,
473 4107 608 4173 etiamsi
630 4108 750 4188 dogma
774 4124 843 4172 non
866 4107 946 4171 ante
965 4105 1102 4171 initium
1121 4105 1243 4170 saeculi

82 4393 177 4458 gittro
192 4389 300 4448 videtur,
319 4392 347 4438 ut
362 4391 418 4437 ante
434 4387 515 4437 omnia
531 4387 601 4437 Pauli
616 4387 737 4453 Epistmm
753 4401 814 4450 quae
826 4401 883 4451 prae
892 4385 976 4435 ceteris
984 4361 1100 4450 genuinae
1108 4385 1239 4446 habentur,

78 4490 131 4542 per
160 4485 189 4519 u
212 4470 272 4520 solas
297 4475 437 4536 spectemus
463 4472 582 4519 Nostrum
606 4479 642 4518 est
664 4469 745 4518 ridere
766 4485 888 4533 quousque
910 4467 971 4517 hanc
993 4467 1131 4517 methodum
1153 4469 1240 4518 secutis

76 4553 208 4624 progredi
222 4553 303 4613 liceat,
322 4555 363 4602 sed
381 4553 445 4618 quod
463 4553 528 4603 ultra
544 4555 593 4611 eet,
611 4553 716 4602 nondum
732 4567 856 4617 possumus
870 4566 959 4601 curare.
