3192 5325
625 537 686 604 121

134 719 158 800 f.
191 720 283 786 Nova
313 723 367 785 est
394 721 571 802 explicatio
599 739 659 788 cur
688 721 790 788 lsrael
821 737 946 788 novam
969 722 1225 803 persuasionem

95 827 263 907 amplexari
284 827 380 894 nolit.
403 828 572 894 attendat
591 829 666 911 quis
685 831 727 894 ad
746 825 838 908 ἄχρις
858 836 914 900 nir
935 826 1142 913 11111111.
1159 828 1225 913 14),
1348 851 1349 855 ’

95 926 141 1002 ἕως
170 933 292 1013 σήμερον
323 934 394 1018 (vs
414 935 476 1013 15).
511 935 701 1002 Plurimum
723 936 865 1018 scriptor
888 935 1031 1002 miratur
1053 936 1224 1003 israelitas

94 1039 293 1120 pertinaciter
317 1040 490 1106 Christum
513 1043 672 1108 aversari.

132 1163 161 1226 p.
194 1146 251 1212 Vs.
285 1148 326 1212 17
356 1148 426 1229 jam
456 1148 661 1214 commixtae
689 1150 724 1214 in
754 1166 864 1215 uuum
886 1151 969 1215 sunt
991 1148 1225 1231 persuasiones

93 1251 128 1314 11
147 1251 266 1332 Spiritu
288 1255 325 1318 ei
347 1253 388 1319 (11
411 1252 559 1320 Christo:
584 1255 597 1318 ὃ
621 1255 653 1318 δὲ
676 1255 772 1333 κύριος
796 1255 832 1318 τὸ
854 1253 979 1329 πνεῦμά
999 1255 1082 1329 ico,
1104 1254 1145 1318 ci.
1166 1255 1226 1320 im·

95 1356 200 1439 primis
223 1361 239 1423 1
266 1360 338 1426 Gor.
366 1362 425 1442 12,
451 1362 573 1427 3112
598 1362 670 1428 Gor.
698 1363 749 1445 13,
777 1364 828 1444 13,
852 1363 910 1430 ubi
933 1361 1028 1440 κύριος
1047 1364 1083 1428 11
1103 1364 1226 1438 πνεῦμα
1320 1397 1324 1406 -

95 1467 125 1529 11
141 1465 226 1530 Deus
243 1469 340 1546 pater
357 1469 457 1549 juxta
477 1471 575 1552 sunt,
598 1472 785 1535 nontamen
797 1468 1095 1535 confundunturin
1107 1485 1225 1533 unum.

134 1572 383 1656 11111114,
413 1575 530 1658 13-5,
556 1576 596 1639 21
624 1573 734 1659 (modo
757 1575 904 1657 excipias
929 1575 958 1659 5,
984 1576 1036 1654 11)
1057 1574 1225 1650 παρουσίας

96 1678 130 1742 11
157 1681 243 1744 nulla
266 1681 404 1746 mentio.
441 1680 495 1746 Nil
518 1681 585 1746 1111
607 1683 728 1762 legitur
753 1684 849 1764 quale
872 1686 926 1748 est
951 1686 967 1748 1
992 1683 1160 1763 111114,
1186 1682 1226 1747 13

96 1802 156 1866 sqq.
179 1787 239 1851 Est
261 1786 483 1868 eschatologia
505 1805 620 1854 eorum
642 1789 700 1870 qui
722 1790 891 1871 praesenti
909 1806 1022 1856 rerum
1041 1792 1134 1856 statu
1153 1784 1230 1856 couss

96 1893 188 1976 tenti,
219 1897 399 1975 postquam
429 1895 547 1960 altiora
574 1895 702 1961 frustra
732 1899 969 1977 tentaverunt,
1004 1897 1227 1978 111111111-

95 2000 181 2063 turae
201 2001 292 2066 vitae
314 2001 493 2066 ducuntur.
529 2002 591 2066 Est
615 2019 656 2067 ea
679 2002 847 2082 doctrina,
874 2020 976 2084 quam
996 2001 1141 2068 Ecclesia
1160 2019 1227 2067 am·

96 2105 182 2185 plexa
214 2109 284 2188 est,
316 2110 495 2188 postquam
525 2109 636 2174 omnis
666 2108 747 2174 Jesu
777 2109 904 2174 reditus
930 2109 1136 2190 exspectatio
1156 2109 1228 2190 jam
1264 2101 1266 2105 ’

96 2210 306 2278 intermortua
336 2215 419 2278 erat.
452 2213 620 2280 Attendat
648 2215 723 2295 quis
754 2215 931 2309 imprimis
951 2215 993 2280 ad
1027 2214 1056 2295 5,
1094 2215 1145 2298 10,
1173 2214 1225 2279 ubi

97 2316 224 2396 legimus
257 2319 299 2383 ad
330 2337 438 2384 unum
467 2337 585 2385 omnes
613 2319 789 2402 aliquando
821 2321 1024 2387 suscitatum
1047 2321 1103 2404 iri,
1129 2321 1228 2385 utin

96 2422 168 2488 Jesu
189 2425 347 2490 tribunali
370 2425 567 2491 consistant.

134 2532 155 2593 i.
177 2531 350 2597 Praeterea
372 2527 595 2598 memorabilis
618 2535 672 2599 111
696 2533 903 2614 soteriologia
928 2532 957 2615 5,
982 2534 1122 2614 18-21,
1144 2550 1228 2614 quae

95 2640 251 2703 recentem
282 2638 443 2717 originem
475 2639 560 2705 satis
590 2640 715 2723 prodit,
741 2639 827 2722 quod
849 2640 993 2706 nimium
1016 2639 1141 2706 diserta
1164 2640 1228 2704 est.

97 2741 144 2806 Nil
172 2745 236 2809 tale
259 2745 416 2810 scribitur
440 2747 481 2811 ad
506 2746 818 2812 Thessalonicenses
840 2748 894 2812 vel
916 2746 971 2813 illa
994 2748 1106 2813 aetate
1130 2746 1229 2811 scribi

96 2850 203 2927 potuit.
238 2851 315 2916 Jam
339 2852 538 2917 offendimus
561 2853 680 2930 dogma
704 2853 743 2917 11
768 2854 1068 2919 substitutionem
1092 2869 1187 2918 nuce.

137 2954 164 3018 1.
197 2955 343 3023 Ecclesia
374 2958 567 3024 Christiana
595 2960 667 3041 jam
689 2959 822 3024 firmam
846 2960 1071 3041 capessiverat
1096 2959 1229 3041 sedem,

98 3076 154 3139 quo
175 3065 322 3144 tempere
347 3068 420 3128 tam
444 3081 518 3129 acre
541 3064 663 3130 bellurn
687 3066 755 3144 geri
778 3066 888 3154 potuit
906 3066 1068 3130 adversus
1088 3063 1174 3130 idola
1194 3066 1231 3129 11

99 3164 284 3235 Christianis
307 3171 550 3252 praescriptum
572 3171 654 3245 ruit,
678 3174 719 3236 ut
743 3188 817 3237 sese
835 3188 970 3253 prorsus
989 3172 1032 3237 ali
1051 3170 1231 3250 gentilibus
1266 3165 1269 3171 ’

101 3278 292 3353 separarent.
329 3276 417 3354 Lege
449 3278 478 3359 6,
513 3278 629 3359 14-7,
659 3279 675 3341 1
701 3281 736 3342 11
759 3277 924 3359 imprimis
946 3278 976 3358 6,
1006 3278 1064 3344 17:
1089 3273 1229 3349 1111111

99 3376 127 3439 ἐκ
154 3378 244 3455 μέσον
269 3384 370 3445 αὐτῶν
394 3381 445 3445 καὶ
470 3381 672 3466 ἀφορίσθητε,
698 3382 768 3449 coll.
793 3400 870 3449 cum
902 3384 917 3446 1
946 3382 1017 3448 Cor.
1043 3384 1093 3464 10,
1119 3383 1160 3449 27
1184 3384 1231 3447 01·

99 3501 155 3564 que
181 3490 261 3555 adeo
292 3507 344 3571 vs.
374 3490 433 3571 21,
459 3491 517 3553 111
539 3490 704 3571 imprimis
726 3485 806 3555 curn
832 3488 847 3551 1
875 3489 946 3556 Cor.
973 3488 1002 3570 5,
1030 3488 1071 3553 10
1094 3489 1128 3553 in
1153 3488 1229 3552 ilne.

98 3590 186 3658 Haud
209 3597 370 3675 exiguum
392 3596 607 3660 intervallum
630 3595 820 3661 interfuerit
844 3613 979 3661 necesse
997 3597 1062 3660 est.

138 3699 156 3763 l.
189 3702 290 3767 Jubet
323 3702 497 3784 episcopus
531 3703 700 3767 destruere
735 3702 929 3767 altitudines
961 3703 980 3765 2
1013 3701 1085 3767 Cor.
1118 3702 1168 3785 10,
1193 3700 1213 3765 5
1220 3724 1228 3787 3

97 3802 198 3886 itaque
227 3808 335 3873 crevit
368 3808 440 3874 eius
471 3810 653 3873 auctoritas
682 3811 861 3889 postquam
892 3808 1017 3889 scripta
1040 3809 1120 3873 suut
1144 3824 1229 3889 quae

97 3909 226 3991 legimus
252 3915 304 3999 13,
333 3915 385 3980 10.

135 4115 140 4117 -
152 4116 272 4125 Ἣ

101 4254 225 4299 1111111111
243 4250 280 4300 illl
297 4248 402 4299 διάκονοι
419 4253 466 4298 τοῦ
483 4247 641 4311 πνεύματος,
658 4266 717 4314 quae
734 4249 823 4299 locutio
839 4250 975 4314 ceteroquin
992 4249 1017 4298 iu
1033 4250 1064 4299 N.
1075 4250 1101 4299 ’1.
1112 4265 1228 4314 nmquam

101 4333 194 4381 occurrit
214 4348 257 4381 nec
282 4332 375 4381 delendi
397 4335 487 4397 potest,
511 4334 575 4396 quod
598 4329 708 4380 διακονία
728 4334 774 4381 τοῦ
792 4329 935 4391 πνεύματος
951 4335 1015 4381 reete
1031 4331 1125 4381 dicitur.
1153 4331 1228 4380 Sicuti

102 4405 201 4460 διακονία
216 4417 263 4462 τοῦ
281 4412 386 4461 θανάτου
407 4415 450 4473 (vs.
469 4413 494 4473 7)
511 4414 576 4462 ducit
592 4414 621 4462 11
640 4418 755 4472 mortem,
772 4414 806 4462 sic
823 4410 933 4467 διακονίαι
945 4415 991 4461 τοῦ
1007 4409 1149 4473 reciperer
1158 4413 1228 4463 ducet

102 4493 127 4539 ad
149 4495 243 4559 spiritus
265 4496 511 4544 communicationem.
538 4496 592 4544 Hoc
614 4496 710 4559 quidem
732 4496 902 4561 intelligimus,
919 4497 959 4545 sed
976 4512 1022 4560 quo
1039 4510 1108 4545 seusu
1125 4495 1229 4544 hmines

102 4573 177 4626 ducere
192 4579 300 4628 dicentur
317 4577 367 4627 aive
383 4579 412 4626 11
430 4586 532 4627 mortem
548 4578 597 4627 aive
614 4577 643 4625 ad
660 4594 740 4627 veram
758 4578 852 4627 vitem?
1040 4582 1042 4584 ’
