3192 5325
932 567 996 632 194

389 750 422 813 id
445 750 530 830 quod
558 749 630 829 ipsa
657 748 691 814 vi
711 747 867 811 veritatis
886 747 997 812 victus
1016 749 1051 812 et
1071 748 1309 829 propemodum
1334 750 1519 835 „intuendo”

387 858 565 936 repererat.
607 854 767 934 iutelligit
801 853 884 918 nihil
919 870 991 919 esse
1025 871 1085 918 our
1118 854 1236 920 iudaei
1266 855 1396 921 credere
1424 858 1520 922 nolint

388 961 560 1028 Christum
592 960 794 1027 surrexisse:
820 959 1030 1042 mysticismo
1054 961 1291 1026 convenienter
1313 963 1375 1028 hoc
1397 963 1425 1027 ei
1446 965 1518 1026 tem-

386 1069 476 1150 poris
506 1070 677 1135 momento
699 1065 887 1133 revelatum
911 1065 1030 1130 iuerat.
1066 1064 1150 1130 iilud
1174 1067 1257 1131 dum
1279 1071 1427 1152 reputat,
1451 1086 1518 1134 sus-

388 1175 519 1256 picatur
542 1175 627 1241 hanc
649 1174 829 1238 veritatem
853 1188 914 1252 ope
937 1172 1062 1236 veteris
1082 1171 1292 1238 Testamenti
1311 1175 1469 1254 exegetice
1486 1178 1518 1239 et

386 1281 541 1346 historice
573 1279 795 1345 demonstrari
826 1295 939 1359 posse,
972 1294 1079 1358 neque
1102 1280 1218 1343 tamen
1241 1297 1403 1360 umquam
1424 1281 1452 1346 ei
1471 1281 1518 1346 de·

385 1386 620 1453 monstrationi
651 1387 790 1450 tantum
820 1383 1011 1463 tribuisset,
1043 1383 1109 1448 nisi
1143 1384 1208 1448 alia
1242 1401 1281 1449 ao
1304 1386 1447 1452 breviore
1468 1387 1518 1450 via

385 1493 418 1558 id
446 1495 518 1575 jam
546 1493 734 1558 invenisset
761 1489 846 1571 quod
860 1532 862 1536 -
875 1491 948 1554 erat
973 1488 1282 1556 demonstrandum.
1309 1491 1392 1572 Quid
1414 1495 1518 1557 tamen

385 1599 510 1663 mirum
537 1597 636 1663 sirei
659 1600 800 1662 naturae
824 1594 964 1660 minime
988 1595 1141 1660 conscius
1165 1596 1308 1675 ingenue
1331 1598 1453 1679 putarit
1472 1598 1518 1661 de-

384 1705 601 1770 monstrando
634 1703 667 1767 id
689 1701 927 1767 communicari
958 1718 1073 1781 posse,
1098 1701 1183 1781 quod
1208 1702 1278 1782 ipse
1302 1703 1380 1768 olim
1401 1704 1518 1768 ratione

384 1810 588 1891 expeditiore
611 1807 819 1887 accepisset?
841 1806 958 1887 Itaque
982 1806 1069 1887 quod
1093 1807 1135 1871 00
1158 1808 1326 1888 propriam
1349 1809 1518 1889 persuasio·

384 1933 464 1980 nem
486 1915 690 1996 pertinebat,
715 1913 882 1994 mysticus
905 1914 940 1976 et
963 1914 1036 1977 erat
1059 1928 1254 1994 semperque
1274 1916 1443 1996 manebat,
1466 1915 1518 1980 sed

385 2021 543 2104 quamdiu
572 2020 655 2086 alios
685 2018 835 2085 nondum
862 2017 904 2083 ad
934 2035 971 2083 00
994 2019 1220 2099 pertraxerat,
1251 2019 1396 2086 malebat
1416 2022 1517 2086 omnia

382 2130 424 2194 ad
454 2146 572 2194 sanam
602 2126 767 2192 rationem
798 2124 940 2202 exigere.
966 2123 1095 2189 Verum
1118 2124 1200 2189 nihii
1222 2124 1378 2209 impedit,
1404 2127 1515 2208 quomi-

381 2252 447 2299 nus
469 2234 658 2314 credamus,
676 2233 707 2298 si
726 2231 812 2296 forte
832 2228 1090 2294 demonstrando
1110 2230 1192 2295 nihil
1211 2235 1339 2315 ageret,
1358 2233 1516 2298 1111001011

382 2342 535 2406 animum
566 2355 678 2403 morae
707 2337 836 2401 factum
865 2334 970 2399 101000
1001 2334 1254 2419 impatientem,
1287 2336 1337 2402 ita
1364 2344 1403 2403 ut
1424 2338 1515 2402 indul·

381 2462 463 2525 gens
493 2444 683 2510 iracundiae
713 2458 773 2507 nec
795 2441 927 2518 linguae
950 2439 1035 2504 satis
1058 2444 1208 2520 parceret
1230 2459 1291 2507 nec
1315 2442 1433 2508 vultui.
1466 2444 1515 2507 Iti-

380 2553 521 2630 demque
545 2549 639 2614 faciie
661 2547 773 2630 potuit
794 2545 867 2610 fieri
889 2548 946 2625 ut,
964 2544 997 2608 'si
1022 2545 1107 2610 forte
1131 2563 1199 2610 una
1222 2551 1313 2613 esset
1336 2565 1414 2615 cum
1433 2548 1513 2627 01110,

380 2673 464 2738 quos
496 2655 612 2721 eadem
642 2653 725 2718 fides
764 2637 1002 2733 conjungebat,
1039 2650 1273 2732 mysticismus
1308 2653 1362 2720 1110
1392 2654 1514 2721 liberius
1575 2603 1576 2657 1

379 2779 453 2827 sese
475 2759 656 2842 explicaret
678 2758 865 2838 fratresque
887 2756 1053 2820 imbueret
1076 2772 1116 2820 ea
1139 2757 1295 2834 caritate,
1319 2778 1423 2841 quam
1443 2762 1512 2825 ante
1574 2725 1575 2768 ¹

379 2884 497 2933 omnes
519 2866 591 2947 ipse
614 2864 832 2945 experiretur.
1573 2850 1574 2876 ¹

423 2974 495 3039 Hoc
528 2971 677 3037 maxime
716 2967 814 3033 modo
850 2982 893 3030 ex
927 2967 1088 3031 tenuibus
1121 2967 1252 3034 indiciis
1290 2974 1454 3038 contraria
1484 2970 1512 3034 in
1572 2940 1573 2986 ¹

377 3097 483 3144 unum
507 3076 661 3158 componi
683 3089 781 3155 posse
802 3072 878 3137 visa
902 3074 1001 3151 sunt;
1025 3072 1059 3136 id
1083 3074 1244 3140 miramur
1264 3092 1343 3142 eum
1362 3080 1421 3158 qui
1437 3078 1512 3142 Acta
1570 3040 1572 3133 ,1

376 3185 586 3265 conscripsit,
620 3181 702 3245 nihil
733 3180 903 3244 curavisse
933 3180 975 3242 ut
1007 3176 1099 3242 Pauli
1130 3179 1275 3246 indolem
1299 3184 1414 3249 minus
1436 3185 1510 3247 insu-

375 3290 450 3354 bide
473 3289 670 3370 exponeret;
694 3285 760 3350 nisi
783 3283 913 3349 credere
936 3281 1035 3347 maiis
1054 3284 1159 3349 etiam
1177 3285 1272 3352 hodie
1292 3289 1432 3355 duorum
1453 3288 1508 3352 ion·
1567 3330 1569 3425 ψ

376 3396 463 3460 tium
487 3396 653 3459 diversam
677 3392 838 3470 originem
860 3389 994 3467 agnosci
1017 3405 1125 3470 posse.
