3192 5325
513 494 671 597 Ι55

88 713 209 780 antium
238 715 467 796 disparilitate.
501 715 622 780 Itidem
652 732 719 780 vss.
746 713 880 780 50-52
905 715 1035 794 vulgari
1059 730 1160 778 sensu
1182 713 1223 778 de

88 821 312 900 eschatologico
340 825 537 901 argumento
560 824 653 887 sunt.
683 821 744 885 Vs.
771 821 813 884 51
837 821 909 886 luce
933 821 1055 886 clarius
1077 821 1133 903 fit,
1153 820 1225 900 jam

87 943 132 989 νε.
163 927 201 991 23
225 945 291 992 151
315 928 369 1007 agi
392 929 432 992 de
456 927 716 1008 resurrectione3
743 927 773 991 si
798 927 1030 1008 unusquisque
1054 929 1170 1006 surget
1195 924 1224 986 ἐν

88 1033 124 1107 οῷ
148 1031 206 1111 ἰδίῳ
228 1031 394 1115 τάγματι,
419 1051 487 1098 nen
507 1050 588 1099 Sane
608 1050 725 1098 Omnes
745 1032 775 1094 ἕν
795 1033 901 1110 ardue
915 1079 923 1095 .
938 1081 945 1096 .
963 1079 992 1094 ..
1013 1032 1225 1108 ἐγερθήσονται

88 1139 261 1204 secundum
291 1157 343 1204 vs.
377 1141 431 1204 52.
463 1140 588 1204 Eodem
619 1141 790 1220 praeterea
820 1139 946 1220 optime
977 1139 1130 1204 retuleris
1154 1156 1225 1203 νεε.

90 1243 128 1309 55
157 1263 222 1326 sqq.
256 1246 360 1329 (certo
391 1245 483 1310 enim
513 1245 638 1311 certius
661 1249 715 1311 551
738 1263 795 1310 555
820 1245 1003 1327 pristinum
1026 1245 1136 1311 locum
1159 1263 1227 1310 non

89 1357 241 1430 servasse)
264 1356 399 1434 propter
422 1351 516 1418 illum
540 1349 676 1431 ἔσχατον
699 1351 805 1432 ἐχθρὸν
829 1369 881 1417 νε.
907 1351 949 1415 26
970 1352 1129 1418 collatum
1148 1369 1227 1417 cum

91 1457 193 1522 verbis
226 1462 284 1522 κοῦ
321 1481 392 1534 σου,
428 1457 559 1534 θάνατε,
589 1457 795 1530 1155115.
822 1457 874 1524 55.
907 1458 1092 1522 Versamur
1114 1457 1168 1522 hic
1191 1457 1227 1521 in

90 1564 195 1629 eodem
223 1564 392 1644 cogitandi
421 1581 558 1648 genere,
591 1565 650 1630 sed
679 1565 862 1635 1111111ν1κος
887 1581 938 1628 νε.
964 1562 1227 1644 5511511551115

90 1686 150 1734 non
171 1671 378 1736 referendum
401 1671 443 1736 ad
469 1671 512 1740 εἰς
540 1678 617 1740 νῖκος
642 1689 694 1736 νε.
720 1672 774 1736 54.

129 1776 297 1842 Excellens
316 1777 546 1855 fragmentum
565 1779 619 1842 est
631 1777 800 1857 quintum.
824 1775 992 1840 Neutrum
1004 1791 1126 1857 genus,
1140 1775 1227 1855 quod

88 1881 200 1962 ubique
222 1886 423 1964 usurpatur,
449 1886 604 1947 sumtum
627 1883 692 1948 fuit
715 1900 758 1948 51
781 1882 913 1948 intimis
936 1880 1161 1963 philosophiae
1181 1898 1228 1945 re-

91 1989 237 2053 cessibus.
261 1985 420 2070 Scriptori
443 1989 652 2070 propositum
670 1993 723 2055 551
743 1990 974 2054 (151151511515
987 1983 1033 2050 ὅτι
1046 1988 1080 2052 τὸ
1092 1989 1229 2066 φθαρτὸν

92 2103 260 2170 κληρονομεῖ
290 2097 344 2168 τὴν
376 2094 565 2174 ἀφθαρσίαν.
602 2096 694 2176 Quod
717 2096 905 2177 periturum
929 2097 1000 2176 est,
1027 2095 1120 2160 intus
1144 2095 1230 2160 celat

92 2200 180 2278 quasi
207 2217 323 2266 semen
354 2204 530 2266 5515111111
552 2204 588 2267 51
610 2202 872 2282 unumquodque
895 2217 1032 2280 germen
1055 2201 1230 2282 perveniet

92 2303 128 2367 ad
156 2307 320 2386 propriam
350 2307 413 2371 sibi
435 2307 672 2387 perfectionem
696 2308 763 2391 (εἰς)
787 2307 821 2369 τὸ
846 2304 917 2370 ἴδιον
942 2307 1043 2381 σῶμα.
1069 2307 1229 2387 compila-

93 2411 151 2475 tori
178 2412 256 2478 illud
287 2412 359 2475 ἴδιον
383 2412 587 2498 „peculiare”
611 2416 685 2478 erat
707 2414 821 2494 itaque
844 2431 896 2478 νε.
921 2414 965 2477 39
989 2413 1136 2494 perrexit
1159 2413 1229 2478 des·

94 2517 206 2584 cribere
227 2521 455 2601 cuiuscunque
479 2518 589 2596 σαρκὸς
610 2521 842 2601 proprietates.
869 2520 962 2585 Adeo
982 2537 1050 2584 non
1073 2519 1230 2598 intelligit

94 2623 164 2704 quid
190 2643 302 2691 rerum
328 2629 464 2707 agatur,
489 2629 529 2691 ut
552 2643 603 2692 vs.
629 2627 672 2704 tq
695 2643 738 2691 ne
762 2626 1012 2692 animadvertat
1035 2625 1169 2706 quidem
1194 2641 1230 2691 se
1273 2619 1276 2624 “

92 2730 188 2796 delabi
209 2733 251 2797 ad
273 2733 556 2799 considerationes
578 2734 745 2814 diversas,
771 2732 958 2798 secundum
981 2750 1065 2813 quas
1089 2732 1122 2796 id
1143 2732 1230 2812 quod

93 2834 198 2903 interit
231 2837 322 2917 (σὰρξ
351 2838 403 2900 καὶ
435 2832 532 2923 αἷμα)
570 2838 666 2918 longe
703 2839 765 2904 alio
796 2840 866 2904 loco
905 2842 975 2921 est,
1022 2855 1123 2919 quam
1167 2838 1231 2903 illic

92 2940 205 3025 1115151,
238 2962 344 3026 quum
374 2945 584 3029 legebamus,
625 2946 744 3011 stricto
776 2963 897 3026 sensu,
922 2944 1005 3010 nihil
1029 2945 1125 3025 plane
1149 2944 1230 3010 inte·

93 3048 165 3129 rire,
187 3050 273 3131 quod
295 3067 395 3115 omne
415 3040 429 3111 i
450 3050 582 3127 σπείρεις
606 3051 752 3132 corporis
770 3051 912 3116 alicuius
933 3049 1037 3120 κόκκος
1059 3053 1128 3133 551,
1144 3050 1230 3131 quod

94 3171 130 3219 51
151 3157 294 3235 germine
330 3156 507 3238 aliquando
542 3157 702 3240 prodibit,
740 3160 919 3238 postquam
954 3159 1095 3223 nactum
1130 3156 1232 3221 fuerit

95 3264 205 3337 πνεῦμα
229 3259 388 3341 ζωοποιοῦν
413 3261 489 3346 (37;
515 3263 584 3347 45).
619 3260 683 3327 Sed
705 3280 756 3328 VS.
782 3264 827 3329 50
849 3262 1015 3329 contrario
1039 3263 1135 3328 mede
1157 3262 1232 3342 legl-

96 3367 242 3431 1111ῑού11
266 3370 283 3442 ἡ
307 3367 407 3447 propa
427 3368 481 3440 τὴν
502 3368 679 3449 ἀφθαρσίαν
705 3375 886 3446 κληρονομεῖ
909 3371 1027 3449 estque
1058 3370 1232 3435 attenden-

96 3472 166 3538 dum
187 3475 227 3540 ad
251 3474 447 3554 languidum
470 3474 566 3540 illud:
592 3476 616 3539 ci
636 3474 729 3553 νεκροὶ
752 3474 964 3552 ἐγερθήσονται
984 3492 1036 3540 vs.
1058 3473 1118 3558 52,
1145 3475 1232 3555 qued

97 3578 208 3645 scilicet
225 3579 393 3645 nonnullis
410 3583 549 3646 tantum
569 3582 741 3660 continget
762 3581 1104 3663 (1111515515),51111
1116 3583 1232 3645 tamen

58 3698 63 3705 ·
97 3682 444 3762 undeuicensimam
474 3690 589 3767 aperte
620 3690 782 3768 repugnet
811 3686 1018 3766 generalibus
1042 3686 1154 3751 verbis
1179 3684 1233 3749 ἐὰν

98 3790 134 3860 νῖν
162 3791 313 3871 ἀποθάνῃ,
349 3810 400 3857 νε.
425 3791 479 3857 36.
503 3792 566 3857 Oui
589 3791 703 3858 omnia
725 3808 812 3873 quae
835 3793 898 3857 sub
923 3792 1005 3857 luna
1026 3792 1114 3856 fiunt
1138 3790 1234 3872 sequi

97 3895 284 3963 Videbantur
314 3901 489 3964 aeternam
520 3899 645 3977 legem:
678 3900 792 3977 πρῶτον
822 3896 856 3960 τὸ
881 3898 1038 3978 ψυχικὸν,
1065 3893 1173 3960 ἔπειτα
1198 3896 1234 3972 τὸ

99 4001 291 4078 πνευματικόν
315 4006 400 4087 (46),
432 4006 461 4069 is
485 4004 628 4085 scriptor
650 4004 803 4070 diversus
826 4006 900 4069 erat
923 4005 965 4069 ab
989 4020 1027 4069 eo
1052 4003 1109 4083 qui
1132 4002 1234 4085 hujus

99 4109 204 4173 mundi
230 4109 406 4175 historiam
436 4110 472 4174 in
503 4110 654 4190 periodas
685 4109 869 4191 dividebat,
903 4125 987 4188 quas
1020 4109 1104 4173 tuba
1126 4108 1235 4189 auspi·

99 4217 232 4296 caretur,
252 4215 333 4281 adeo
360 4218 397 4279 ut
420 4233 471 4281 νε.
497 4216 539 4281 52
559 4215 600 4280 de
618 4214 803 4280 novissima
822 4216 906 4280 tuba
927 4231 1035 4279 sermo
1056 4213 1113 4279 sit.
1138 4214 1232 4278 Inter

98 4317 271 4398 fragmenta
304 4321 462 4402 quintum
494 4323 530 4385 et
560 4323 718 4401 quartum
751 4323 869 4386 eadem
899 4322 954 4385 est
976 4320 1062 4385 ratio
1086 4336 1188 4400 quam
1214 4322 1230 4383 1

99 4420 159 4489 Cor.
192 4428 272 4490 r-3
305 4427 582 4509 deprehendimus
611 4427 700 4491 inter
728 4426 901 4492 israelitae
935 4426 1024 4490 illius
1049 4426 1231 4489 secundum

101 4531 250 4597 mundum
284 4533 469 4599 stultitiam
503 4537 538 4598 51
572 4532 645 4599 illos
680 4533 849 4615 sapientes
884 4549 951 4597 non
981 4530 1108 4599 multos
1138 4527 1233 4594 Pauli
