3192 5325
660 471 723 561 166

106 676 201 743 serre
231 681 327 758 potes
357 682 489 760 praeter
519 681 620 744 vilem
643 698 781 762 aquam,
807 681 864 746 sed
888 698 961 746 ecoe
985 685 1159 763 praesente
1183 684 1263 749 Jesu

104 784 233 849 vinum
263 786 396 867 potabis
426 786 585 868 dabisque
619 787 708 870 61116,
745 789 879 853 1666116
901 788 989 854 1116
1013 789 1153 855 venerit.
1179 789 1264 856 Aliis

106 891 235 956 beatus
265 908 341 956 esse
364 892 534 973 videatur,
560 893 617 974 qni
639 910 751 958 rerum
775 893 886 974 potuit
909 909 1103 972 cognoscere
1124 913 1263 978 661666;

106 997 350 1076 pneumaticus
380 997 518 1063 meliora
546 998 662 1063 doctus
692 1001 763 1063 est:
793 999 952 1080 quidquid
975 1016 1090 1065 revera
1109 1003 1183 1085 est,
1211 1005 1264 1067 est

109 1101 143 1163 ἕν
175 1104 215 1180 τῷ
240 1104 350 1181 οὐοονῷ
375 1105 417 1186 (3,
445 1105 516 1182 13),
541 1105 636 1183 ἐντῷ
661 1105 715 1185 θεῷ
740 1105 784 1189 (3,
812 1104 886 1189 21),
912 1109 1094 1188 antequam
1117 1105 1265 1174 611616
1372 1190 1376 1195 ,

108 1211 311 1276 terrestrem
335 1210 444 1276 vitam
466 1210 673 1276 detrudatur.

160 1318 266 1383 Juxta
295 1317 586 1398 pneumaticorum
616 1317 867 1398 religionemet
889 1319 930 1384 de
954 1319 1054 1385 verbo
1079 1319 1265 1385 doctrinam

108 1425 190 1488 erat
220 1424 284 1488 illis
312 1424 520 1504 temporibus
551 1424 640 1490 inter
672 1425 816 1490 iudaeos
847 1428 939 1490 secta
966 1426 1146 1506 quaedam,
1180 1444 1265 1506 quae

109 1529 344 1609 appellabatur
375 1529 415 1594 de
443 1530 579 1594 nomine
605 1530 769 1596 iohannis
792 1531 966 1612 Baptistae
991 1534 1027 1596 et
1049 1532 1264 1612 praecipuum

110 1635 307 1716 symbolum
337 1636 482 1701 habebat
511 1637 730 1716 baptismum.
761 1633 894 1702 ’Τδοοοο
915 1637 1080 1720 66666166,
1111 1655 1191 1703 nam
1216 1640 1263 1704 sic

111 1758 175 1805 eos
205 1741 367 1823 appellare
391 1742 515 1825 licebit,
547 1743 690 1822 oppositi
712 1745 810 1807 erant
834 1743 892 1824 iis,
918 1743 1128 1825 611Πνεῦμνν
1154 1761 1264 1825 seque-

111 1847 258 1929 bantur,
282 1865 363 1913 nam
386 1849 560 1931 11166116,
583 1866 685 1929 quam
705 1849 957 1930 praedicabant,
977 1850 1186 1915 indicabatur
1205 1868 1265 1915 nos
1289 1903 1293 1908 .

112 1952 301 2033 purificari,
334 1955 519 2037 emendari,
556 1954 701 2037 renasci,
739 1955 781 2019 ad
816 1971 940 2020 novam
975 1955 1084 2020 vitam
1118 1956 1263 2021 institui.

114 2059 209 2138 Quod
228 2059 331 2138 igitur
354 2060 537 2126 secundum
561 2061 792 2140 pneumaticos
816 2059 852 2124 in
876 2060 930 2125 illo
953 2061 1101 2129 idearum
1123 2062 1199 2126 orbe
1222 2063 1265 2126 ab

113 2165 210 2228 omni
232 2167 383 2245 tempore
405 2166 515 2230 fuerat
536 2168 638 2247 atque
660 2166 695 2229 in
719 2166 782 2231 hac
806 2166 942 2231 demum
961 2167 1112 2232 terrestri
1134 2168 1204 2232 vita
1223 2169 1264 2232 ab

114 2270 316 2335 mortalibus
348 2271 483 2350 agnosci
512 2274 661 2357 poterat,
688 2272 773 2352 quod
798 2273 841 2336 ab
864 2271 1169 2337 initio‘necessario
1192 2276 1265 2338 erat

114 2374 271 2450 δεδομένον
297 2377 330 2438 ἐκ
353 2380 406 2440 τοῦ
431 2377 555 2453 οὐρανοῦ
578 2380 614 2441 61
635 2376 757 2458 alioqui
781 2394 967 2458 numquam
991 2380 1091 2442 tuum
1114 2394 1187 2442 esse
1211 2396 1264 2458 po-

114 2485 222 2566 terat,
255 2484 288 2548 id
321 2483 505 2549 secundum
538 2482 699 2548 Johannis
729 2481 908 2564 discipulos
931 2499 1047 2548 revera
1069 2483 1192 2564 poterit
1215 2494 1264 2548 66-

115 2606 212 2671 qum.

166 2696 268 2761 Viam
295 2698 540 2773 commonstrat
561 2698 642 2762 nota
665 2696 776 2775 glossa
802 2696 917 2761 11611.
943 2695 972 2777 5,
998 2698 1029 2761 9.
1055 2696 1135 2761 Tres
1159 2699 1266 2762 testes

116 2804 201 2866 sunt
231 2802 269 2866 in
299 2803 403 2866 terra:
437 2806 585 2884 Πνεῦμοο,
607 2798 705 2878 ‘rien
729 2805 765 2867 et
789 2795 895 2883 Αἷμο,
921 2802 1041 2883 quibus
1064 2804 1266 2883 respondent

116 2909 188 2973 tres
222 2910 326 2972 testes
360 2910 396 2972 in
425 2908 531 2973 caelo:
563 2908 671 2992 Pater,
704 2907 854 2973 Verbum
877 2910 912 2973 61
942 2906 1087 2988 Spiritus
1110 2907 1264 2973 Sanctus.

117 3013 337 3093 Respondent
371 3016 502 3086 Πνεῦμον
531 3016 567 3079 61
598 3010 741 3095 Spiritus
773 3013 933 3093 Sanctus;
968 3007 1057 3087 Λῖμοο
1080 3014 1266 3078 necessario

119 3120 293 3184 Christum
329 3120 484 3201 denotat,
517 3123 626 3186 restat
660 3121 764 3200 igitur
797 3122 838 3184 ut
869 3120 969 3200 Aqua
999 3118 1190 3201 symbolum
1222 3119 1268 3183 sit

117 3242 234 3291 eorum
269 3226 326 3307 qui
360 3226 468 3291 Deum
503 3230 635 3307 patrem
664 3226 762 3291 unice
793 3226 904 3290 colant
934 3225 1047 3305 itaque
1079 3226 1276 3305 baptismus.

119 3333 268 3397 solemne
302 3335 370 3416 661,
402 3351 423 3397 6
453 3350 519 3413 quo
549 3332 667 3414 primis
697 3331 903 3412 temporibus
926 3330 1135 3395 Pneumatici
1157 3330 1209 3394 uti
1232 3331 1268 3395 et

121 3438 225 3503 Verbi
247 3440 393 3504 asseclae
415 3438 459 3513 (si
481 3456 554 3503 rem
576 3438 619 3503 ad
641 3438 762 3503 virum
783 3452 932 3501 resecare
955 3436 1043 3514 licet)
1061 3452 1197 3517 prorsus
1216 3436 1267 3501 ab·

118 3545 316 3626 horrebant,
354 3545 458 3610 donec
491 3546 603 3609 tractu
638 3543 800 3624 temporis
836 3545 906 3607 tres
940 3542 1108 3621 religionis
1143 3542 1268 3607 1611166

119 3652 318 3733 conjunctae
347 3651 382 3715 11
405 3667 513 3715 unum
536 3652 617 3714 sunt
640 3648 783 3730 indeque
806 3648 966 3727 originem
990 3648 1078 3729 cepit
1101 3648 1269 3713 catholica

118 3756 310 3837 persuasio,
334 3774 435 3837 quam
458 3755 598 3820 historia
620 3755 661 3819 de
684 3754 810 3819 Christi
833 3754 968 3819 1611116
993 3754 1142 3832 signavit
1158 3754 1190 3830 ¹).

166 3863 271 3943 Saepe
301 3865 457 3946 apparet,
491 3878 571 3927 6111
593 3860 781 3926 animorum
805 3863 954 3943 motum,
981 3860 1075 3924 cuius
1100 3859 1269 3925 lohannes

158 4114 186 4178 l)
204 4114 240 4162 Ut
257 4115 412 4177 cognoscatur
427 4112 545 4176 quomodo
562 4108 624 4171 ὕδωρ
642 4113 667 4159 61
684 4104 750 4171 alpe
766 4107 949 4172 conjungentur,
967 4107 1034 4157 utilis
1047 4107 1112 4157 locus
1129 4110 1165 4156 est
1180 4108 1194 4157 1
1209 4107 1265 4157 Joh.

123 4199 147 4255 t,
158 4198 180 4246 1.
197 4198 319 4261 Quorsum
336 4195 397 4243 illud
415 4192 443 4243 οἷν
461 4191 694 4255 percutiamini
710 4192 897 4242 alterumutrum
912 4187 1265 4262 sstishsberetursdsalutem‚

50 4322 52 4327 .
123 4280 174 4328 sive
200 4276 233 4327 δι’
259 4274 365 4335 ὕδατος,
390 4276 439 4325 sive
463 4273 495 4323 δι’
518 4275 646 4335 αἵματοςΡ
670 4274 759 4324 Deinde
775 4289 890 4338 compone
906 4272 962 4321 Joh.
982 4274 1004 4330 3,
1023 4273 1051 4319 t:
1071 4268 1098 4336 ἐξ
1116 4268 1208 4329 ὕδατος
1225 4270 1267 4319 καὶ

123 4358 283 4421 πνεύματος,
305 4363 332 4409 nt
354 4358 400 4408 tibi
415 4359 556 4423 persuadeas
572 4358 599 4405 in
616 4358 686 4405 Novo
704 4356 855 4405 Testamenta
872 4370 920 4404 161
937 4354 1017 4403 omnis
1035 4353 1112 4402 deleta
1128 4353 1200 4403 inisse
1216 4368 1267 4401 res·

123 4443 196 4507 bigis,
223 4440 309 4506 quibus
326 4441 428 4489 efficitur
444 4443 494 4490 tres
510 4439 569 4489 olim
585 4438 712 4502 religiones
728 4438 861 4496 exstitisse,
880 4453 940 4501 ques
958 4436 1066 4501 deinceps
1082 4432 1177 4496 ‘'Tdop,
1195 4428 1266 4495 Αἷμοι

124 4529 149 4574 61
165 4526 271 4586 Πνεῦμα
287 4526 381 4573 secutae
398 4523 516 4572 elementa
532 4522 661 4581 dederunt,
679 4520 740 4569 unde
758 4520 896 4570 Christiana
914 4518 997 4584 religio
1015 4520 1146 4583 propagate
1164 4516 1219 4569 luit.
