3192 5325
686 493 728 558 27

177 674 343 758 Loquitur
371 677 412 743 de
435 679 515 742 Jesu
538 679 702 757 tanquam
725 676 765 741 de
789 676 936 755 imagine
954 675 1009 741 vel
1032 676 1073 741 de
1096 674 1276 754 termento,

130 782 217 862 quod
246 782 303 847 diu
336 783 372 848 in
406 783 502 849 corde
526 783 711 865 repositum
740 782 886 847 latuerat
909 784 959 865 (1,
987 782 1046 847 16:
1071 778 1277 857 61666111-

128 887 273 970 demque
294 890 442 971 loquitur
461 890 501 955 de
521 891 616 970 lesu,
638 891 802 970 tanquam
821 888 861 953 de
873 889 1006 954 mortali
1017 886 1279 968 homine,cuius

127 994 237 1059 etiam
260 994 399 1060 fratrem
422 995 579 1074 cognovit
601 993 653 1079 (1,
682 996 745 1073 19).

175 1099 238 1180 Qui
263 1101 526 1185 circumciditur,
548 1101 578 1166 is
601 1100 726 1166 Christi
749 1100 917 1183 particeps
936 1116 1004 1165 non
1022 1102 1076 1165 est
1095 1097 1146 1180 (5,
1162 1099 1277 1179 2666.)

126 1207 165 1270 61
196 1206 363 1286 patienter
397 1207 463 1273 fert
498 1207 615 1273 Titum
648 1208 807 1272 comitem
836 1206 1003 1271 incurrere
1036 1206 1072 1271 in
1095 1204 1279 1286 periculum

127 1328 173 1375 ne
207 1312 464 1379 circumcidatur
495 1316 545 1395 (2,
571 1314 622 1395 3);
655 1314 735 1395 quin
766 1314 802 1378 et
831 1329 973 1377 manum
995 1312 1134 1393 porrigit
1156 1311 1198 1377 iis
1220 1311 1278 1392 qui

127 1418 417 1485 circumcisionem
441 1420 593 1500 flagitare.
615 1422 768 1501 possunt.

173 1524 238 1589 Par
267 1525 506 1591 revelationem
535 1525 662 1607 accepit
693 1542 813 1591 verum
835 1524 1054 1605 Evangelium
1074 1524 1122 1604 (1,
1151 1525 1203 1600 12)
1225 1523 1277 1587 111-

126 1630 270 1712 demque
301 1630 456 1697 revelatio
487 1630 566 1697 fecit
593 1634 634 1697 ut
659 1631 891 1715 Hierosolyma
914 1630 1176 1713 proficisceretur
1199 1629 1276 1695 scis·

125 1736 274 1802 citatum
294 1738 409 1820 jamne
432 1742 548 1805 nosset
570 1756 690 1804 verum
714 1738 934 1817 Evangelium
957 1739 1007 1820 (2,
1034 1739 1076 1815 2).

172 1843 314 1908 Frustra
336 1844 518 1924 laboravit,
544 1844 574 1909 si
598 1842 751 1925 discipuli
774 1861 831 1909 eos
855 1842 1101 1925 sequanturld,
1117 1843 1179 1924 11),
1193 1858 1277 1922 quos

125 1949 200 2030 ipse
223 1949 356 2028 rogavit
379 1952 419 2014 ut
443 1950 657 2016 decernerent
681 1967 764 2015 num
789 1949 876 2016 forte
898 1949 1026 2014 frustra
1047 1946 1275 2013 laboravisset.

173 2054 290 2119 Falsos
323 2055 444 2121 fratres
480 2056 623 2138 appellat
658 2056 715 2137 qui
747 2058 915 2121 venerunt
947 2054 1156 2136 speculatum
1179 2070 1278 2117 suam

124 2160 236 2241 ipsius
266 2161 457 2227 libertatem
488 2164 537 2245 (2,
563 2162 615 2247 4);
648 2179 729 2227 mox
763 2179 904 2227 manum
933 2160 1072 2243 porrigit
1100 2160 1143 2224 iis
1165 2159 1222 2240 qui
1246 2159 1278 2225 ei

123 2266 319 2333 carissimae
347 2267 493 2333 libertati
526 2284 658 2350 parcere
694 2269 816 2334 nolunt
846 2267 914 2334 nisi
940 2268 1028 2333 ultro
1051 2266 1199 2347 citroque
1222 2266 1277 2331 ali·

124 2372 208 2453 quid
232 2374 432 2439 concedatur
454 2375 503 2456 (2,
529 2374 574 2458 9).
804 2446 809 2454 ,

173 2478 248 2543 Non
272 2480 449 2545 intercedit
473 2481 653 2562 quominus
676 2481 702 2544 oi
723 2479 876 2550 δοκοῦντες
899 2481 936 2545 in
955 2496 992 2545 se
1001 2480 1129 2562 jndices
1139 2478 1278 2544 sedeant

124 2582 180 2668 (2,
207 2584 249 2668 2),
275 2601 336 2649 nec
358 2587 454 2650 curat
477 2587 535 2668 qui
557 2587 683 2652 fuerint
705 2586 758 2671 (2,
785 2588 829 2669 6),
863 2603 1068 2669 quamquam
1089 2586 1126 2654 in
1149 2587 1275 2668 praete

121 2691 193 2756 rita
216 2690 289 2756 vita
311 2692 357 2758 sit
379 2692 449 2758 sola
476 2710 578 2759 causa
601 2712 660 2759 cur
681 2695 842 2778 judicent.

172 2797 338 2864 Convenit
360 2799 449 2864 inter
472 2799 592 2866 fratres
612 2804 652 2866 ut
674 2802 745 2882 ipse
767 2801 951 2883 Apostolus
970 2803 1061 2867 esset
1080 2799 1122 2870 εἰς
1142 2798 1185 2862 τὰ
1198 2796 1274 2881 ἔθνη,

123 2903 244 2968 deinde
267 2904 485 2985 proficiscitur
509 2905 740 2987 Antiochiam,
765 2908 825 2973 ubi
852 2907 971 2972 nobilis
993 2907 1140 2972 Ecclesia
1162 2907 1197 2969 ἐκ
1219 2911 1274 2976 τῆς

123 3015 292 3085 metronis
324 3013 397 3075 erat
428 3012 478 3091 (2,
507 3012 546 3076 11
572 3012 675 3096 sqq.);
707 3014 788 3094 quin
812 3017 847 3079 61
870 3013 1028 3078 universa
1050 3014 1086 3077 in
1107 3012 1170 3076 hac
1192 3011 1275 3092 epis-

123 3115 200 3180 tula
222 3117 471 3194 argumentatio
495 3135 539 3182 ex
562 3118 708 3208 Judaicis
731 3119 901 3200 principiis
928 3119 1084 3184 desumta
1106 3121 1159 3184 est
1183 3116 1274 3201 (Cap.

124 3224 145 3287 3
171 3221 267 3306 sqq),
293 3239 354 3287 nec
378 3223 535 3304 cuiquam
558 3224 744 3306 quidquam
771 3225 971 3306 persuadere
994 3226 1106 3306 potest
1128 3225 1196 3289 nisi
1218 3224 1275 3304 qui

124 3329 173 3393 sit
205 3328 239 3390 ἐκ
273 3335 328 3400 τῆς
360 3336 537 3407 περιτομῆς.
562 3331 685 3411 Quodsi
705 3335 822 3396 autem
846 3331 970 3396 statuis
994 3331 1189 3411 scriptorem
1212 3330 1274 3412 pri-

122 3451 224 3500 mum
258 3434 453 3501 Antiochiae
476 3436 586 3503 ¹fuisse
616 3439 652 3502 et
678 3438 848 3519 aliquanto
871 3441 948 3518 post
970 3437 1150 3502 Antiochia
1172 3436 1274 3518 profe·

121 3543 221 3606 ctum
247 3540 351 3606 inisse
373 3541 621 3626 Hierosolyma,
643 3544 874 3634 simulatorem
896 3543 1123 3610 nominavisse
1139 3543 1274 3624 reperie
1392 3599 1396 3605 .

121 3650 183 3712 tur
208 3643 258 3728 (2,
288 3646 340 3723 13)
368 3648 525 3731 eundem,
551 3666 651 3728 quem
675 3666 776 3729 supra
798 3649 960 3715 retulerat
983 3650 1074 3715 intra
1094 3665 1274 3714 numerum

121 3769 242 3818 eorum
265 3768 407 3833 quorum
438 3754 596 3833 suffragia
618 3754 752 3836 reliquis
776 3756 932 3821 omnibus
955 3755 1129 3836 anteponit
1152 3755 1204 3837 (2,
1230 3755 1272 3831 2).
1401 3804 1404 3809 ⁴

167 3858 288 3938 Itaque
311 3857 365 3923 hic
388 3859 471 3924 d'uos
495 3861 586 3925 viros
605 3861 776 3940 andimus,
798 3878 941 3943 quorum
959 3861 1044 3926 alter
1063 3877 1200 3926 severus
1219 3863 1274 3926 est

121 3967 158 4030 61
185 3961 391 4044 eccillam,
416 3965 502 4031 alter
525 3965 619 4031 mitis
643 3983 682 4030 ac
705 3965 855 4048 placidus
876 3970 912 4032 et
934 3967 1055 4031 cedens
1078 3967 1113 4030 in
1135 3965 1273 4032 ecclesia

121 4069 253 4134 alienae
288 4071 492 4136 auctoritati.
529 4071 689 4137 Fatemur
716 4073 825 4154 ¹hujus
859 4071 1105 4137 inconstantiae
1127 4072 1273 4153 aliquam

121 4175 253 4241 tentari
276 4175 549 4258 explicationem,
575 4177 633 4242 sed
656 4195 723 4243 non
745 4178 785 4243 fit
809 4196 849 4244 ea
870 4177 1045 4259 explicatio
1064 4178 1130 4243 nisi
1148 4195 1209 4260 ope
1220 4179 1273 4247 dei

123 4281 316 4364 cuiusdam,
354 4283 407 4347 uti
436 4284 548 4366 aiunt,
581 4284 638 4363 qui
666 4288 852 4366 opportuno
881 4287 1031 4365 tempore
1054 4300 1096 4349 ex
1120 4285 1273 4353 machina

124 4386 321 4452 demittitur
344 4387 396 4464 (cf.
422 4386 493 4450 κατ’
517 4387 718 4468 ἀποκάλυψιν
743 4392 781 4471 2,
809 4391 852 4474 2).

170 4493 296 4562 Deinde
330 4495 522 4579 quaerimus
552 4513 611 4564 cur
634 4497 772 4564 tandem
795 4514 835 4562 ea
857 4497 1015 4565 historica
1036 4514 1114 4580 pars
1137 4496 1271 4581 reliquis
