3192 5325
604 536 669 600 269

65 720 228 786 nonnullis
252 721 398 786 lacobus
423 720 613 799 dicebatur,
638 718 736 800 idque
759 718 916 797 Origenes
938 717 1077 782 minime
1096 717 1212 798 impro-

66 829 130 893 bat,
165 827 362 891 Fueruntne
397 826 497 890 Marc.
532 824 570 905 5,
588 826 616 905 ,2
641 824 815 906 Coracem,
842 823 1007 888 Gadareni
1030 842 1074 888 an
1097 823 1213 902 Gerge-

67 933 136 996 seni
173 931 330 996 dicendi?
366 931 521 1011 Optimae
557 931 770 994 auctoritatis
804 928 900 994 lectio
936 932 989 994 est
1023 935 1212 1007 Γερασηνῶν·

67 1037 142 1116 quid
171 1039 290 1102 autem
323 1035 451 1100 Catena
482 1035 703 1100 Oxoniensis‘?
738 1034 860 1112 Γέρασα
892 1034 946 1105 rie
981 1032 1137 1112 ’λραβίορ
1168 1033 1213 1102 ἐςί

68 1140 168 1217 πθλις,
193 1140 264 1204 οὔτε
290 1140 456 1203 θοίλαοσαν
479 1139 549 1202 οὔτε
573 1140 683 1215 λίμνην
707 1138 835 1213 πλησίον
859 1137 994 1219 ἔχοντα·
1020 1139 1072 1203 καί
1096 1141 1148 1204 οὐκ
1175 1137 1212 1204 θον

68 1243 139 1310 οὕτω
160 1246 317 1327 προφανὲς
337 1245 450 1327 ψεῦδος
468 1244 521 1309 καί
545 1244 728 1322 εὐέλεγκτον
749 1246 775 1309 οἱ
796 1244 1006 1322 εὐαγγελιςαί
1027 1246 1212 1330 είρήκειταν,

68 1349 169 1431 ἄνδρες
204 1353 358 1428 ἐπιμελῶς
395 1342 594 1428 γινώσκοντες
626 1352 669 1414 τοὶ
700 1350 766 1430 περί
802 1359 856 1424 τῆς
893 1352 1054 1422 Ἰουδαίας.
1093 1353 1215 1418 Fuitne

66 1461 178 1541 iesus,
204 1461 306 1524 Maro.
333 1461 368 1540 6,
396 1459 434 1539 3,
459 1459 530 1539 ipse
554 1458 647 1523 faber
669 1476 714 1522 an
737 1458 821 1522 fabri
841 1457 930 1522 filius
954 1459 1216 1524 tantummodo?

67 1566 211 1630 Fabrum
235 1565 439 1647 respondent
463 1581 580 1629 omnes
604 1564 739 1628 Codices
764 1562 916 1628 meliores
938 1567 974 1627 et
997 1565 1213 1628 consentiunt

66 1671 218 1735 lustinus
243 1688 323 1735 cum
349 1670 459 1750 Celso;
486 1669 569 1734 fabri
593 1669 699 1733 filium
724 1670 902 1749 respondet
926 1669 1092 1747 Origenes.

87 1776 183 1841 Maro.
219 1777 277 1859 10,
314 1777 374 1840 25:
409 1773 610 1851 εὐκοπώτερόν
635 1775 696 1840 ε’ςιν
722 1772 862 1850 κοίμνρλον
887 1774 1215 1852 deterioraverant&

67 1888 119 1953 τῆς
150 1881 278 1960 ῥαφίδος
311 1879 438 1943 διελθεῖν
474 1880 491 1953 ἦ
526 1879 669 1943 πλούσιον
703 1880 745 1949 εἷς
778 1880 833 1951 τίον
865 1878 1033 1957 βασιλείαν
1062 1884 1115 1944 τοῦ
1142 1877 1214 1943 θεοῦ

67 1988 219 2052 εἰσελθεῖν.
257 1987 379 2052 Confer
402 1985 575 2069 parallelos
598 1987 686 2050 locos
709 1986 872 2051 Matthaei
896 1990 930 2050 et
953 1986 1063 2050 Lucae
1086 1990 1121 2052 et
1149 1987 1215 2051 dili-

67 2097 181 2172 genter
204 2111 328 2174 quaere
352 2110 437 2174 quae
457 2093 503 2157 sit
520 2093 685 2173 proverbii
705 2092 878 2173 primitiva
897 2092 1019 2157 forma:
1041 2095 1216 2170 τρυμαλιᾶς

67 2216 110 2262 an
136 2200 293 2276 τρήματος
318 2217 363 2263 an
387 2197 607 2275 τρυπήματος,
632 2196 758 2278 ῥαφίδος
782 2216 826 2263 an
851 2196 999 2274 βελόνας,
1023 2198 1149 2262 διελθεῖν
1173 2217 1217 2265 an

67 2304 219 2370 εἰσελθεῖν
258 2301 293 2368 Si
326 2304 504 2383 contigerit
539 2304 708 2384 invenire,
745 2319 904 2382 magnam
940 2305 1084 2382 gratiam
1117 2305 1218 2370 inibis

66 2413 151 2491 apud
184 2411 377 2489 Theologos.
415 2409 489 2474 Non
521 2410 635 2474 minus
666 2410 811 2474 arduum
841 2412 895 2474 est
918 2410 1025 2475 dicere
1048 2427 1132 2491 quae
1155 2410 1216 2492 pri-

68 2519 187 2584 mitiva
217 2537 259 2584 ac
291 2517 437 2597 genuina
467 2516 575 2582 forma
604 2516 704 2580 fuerit
731 2517 831 2581 Maro.
869 2518 926 2597 10,
954 2519 1014 2581 29:
1040 2507 1071 2589 a
1096 2519 1218 2596 ἀφῆκεν

68 2624 162 2689 νίκίαν
197 2623 214 2698 ἢ
251 2621 449 2702 οίδελΦοὺςῆ
484 2620 628 2702 ἀδελφὰς
660 2620 677 2695 ἢ
705 2619 825 2701 μητέρα
850 2621 867 2697 ἢ
893 2621 1016 2700 ποτέρα
1039 2622 1056 2697 ἢ
1081 2623 1216 2697 τέκναῆ

66 2730 189 2810 ἀγρούς.
226 2731 295 2795 Cur
317 2730 371 2794 hio
394 2728 486 2794 nulla
509 2729 637 2793 mentio
660 2729 750 2793 facta
772 2730 888 2794 uxoris
912 2747 997 2810 quae
1016 2732 1132 2795 tamen
1152 2749 1216 2797 me-

68 2840 219 2902 moratur
249 2837 329 2901 Luc.
364 2837 422 2915 18,
457 2836 526 2898 28?
560 2834 671 2899 Codex
697 2834 947 2899 Alexandrinus
970 2836 1023 2899 hic
1045 2840 1134 2901 certe
1159 2838 1220 2903 dis·

65 2943 171 3007 sentit
201 2961 222 3007 a
258 2941 358 3006 Codd.
396 2940 556 3004 Sinaitioo
589 2943 624 3004 et
661 2940 836 3005 Vaticano.
891 2939 1062 3005 Datumne
1096 2940 1218 3021 aliquid

65 3047 130 3112 fuit
153 3048 284 3113 scurrili
305 3047 378 3128 joco
402 3045 619 3126 imperatoris
643 3045 792 3110 iuliani?

111 3153 290 3231 ignoratur
321 3151 465 3216 fueritne
496 3150 654 3230 primitus
685 3152 850 3231 scriptum
882 3150 980 3216 Marc.
1016 3153 1073 3233 11,
1109 3155 1124 3216 1
1159 3154 1218 3219 Be-

65 3260 184 3323 thania
215 3276 261 3323 an
294 3258 499 3337 Bethphage.
536 3256 600 3320 Sed
624 3256 702 3337 quid
727 3257 896 3337 pergimus
920 3274 1075 3336 quaerere
1099 3259 1137 3349 de
1161 3261 1218 3323 mi-

66 3366 161 3430 nutis
191 3364 274 3444 illis,
309 3381 415 3444 quum
447 3362 596 3427 maxima
627 3362 754 3426 oriatur
777 3362 941 3427 dubitatio
965 3364 1112 3429 circaea
1136 3384 1219 3445 quae

66 3470 227 3549 leguntur
257 3469 300 3535 ad
328 3468 500 3547 Evangelii
525 3468 659 3532 calcem.
696 3466 816 3547 Spuria
840 3468 952 3533 omnia
973 3468 1043 3534 sint
1066 3488 1150 3550 quae
1174 3473 1219 3536 in-

68 3576 256 3640 veniuntur
286 3576 364 3655 post
395 3572 564 3651 ἐφοβοῦντο
595 3570 678 3649 γοίρ·
711 3590 831 3638 verum
853 3573 1012 3639 Irenaous
1031 3576 1102 3656 J'am
1125 3578 1220 3643 novit

66 3681 354 3759 additamentum,
388 3678 474 3759 quod
505 3677 669 3743 omissum
700 3678 834 3758 quidem
865 3682 920 3743 est
946 3678 982 3743 in
1006 3676 1162 3747 Sinaitico
1186 3685 1221 3748 et

65 3786 251 3865 Vaticano,
285 3783 343 3848 sed
372 3781 494 3861 legitur
517 3782 553 3846 in
577 3783 814 3847 Alexandrino.
855 3783 967 3867 „Ante
989 3785 1116 3849 irenaei
1139 3790 1220 3852 tem·

65 3888 189 3973 pora,''
211 3892 253 3954 ut
276 3890 325 3953 ait
352 3888 638 3962 Tischendoriius,
665 3890 803 3973 „textus
823 3889 996 3968 apostolici
1015 3891 1221 3958 mutationes

65 4001 168 4078 atque
200 3994 474 4075 interpolationes
506 3994 601 4071 longe
624 3993 787 4073 plurimae
811 4010 849 4057 ao
872 3994 1092 4071 gravissimae
1113 3998 1221 4065 iactae

67 4101 185 4167 sunt.’'
222 4099 411 4179 Audimue;
443 4115 563 4163 verum
598 4098 628 4162 si
659 4097 755 4162 hodie
778 4096 866 4162 ultra
889 4098 1066 4164 irenaeum
1088 4103 1220 4169 adscen-

66 4210 144 4273 dere
167 4224 236 4271 non
258 4205 352 4287 licet,
381 4203 468 4284 quod
488 4201 733 4268 Tischendorfio
750 4203 822 4284 Jam
843 4204 1058 4281 magnificum
1077 4206 1219 4294 videtur,

67 4313 222 4395 sequitur
245 4310 368 4375 micare
391 4308 597 4373 intenebris
620 4308 677 4388 qui
702 4307 859 4373 Codicum
884 4325 944 4388 ope
969 4313 1152 4390 susceperit
1174 4315 1220 4378 in·
1272 4307 1273 4310 ’

66 4419 238 4496 vestigare
268 4415 429 4479 librorum
459 4414 561 4479 toties
591 4415 853 4478 retractatorum
875 4414 1057 4493 genuinam
1079 4417 1222 4485 formam

68 4529 103 4592 et
131 4520 389 4601 antiquissimas
411 4521 534 4600 partes.
