3192 5325
852 459 938 558 ’11

336 679 551 763 potientium.
587 677 751 759 Imperiis
780 677 968 760 junguntur
990 692 1109 742 versus
1133 674 1174 740 10
1197 678 1233 740 et
1257 675 1296 740 11
1334 691 1395 757 ope
1419 690 1501 740 oon-

337 784 523 869 junctionis
558 784 599 854 ric
633 779 659 848 ὅ.
696 782 799 850 Verbi
835 781 976 862 πουορώορ
1012 781 1134 864 duplex
1164 799 1285 848 sensus
1315 784 1384 864 est,
1409 799 1502 846 nam

343 891 507 973 quomodo
532 893 702 970 πληροῦται
725 887 866 965 εὐδοκία,
883 907 952 955 non
971 890 1086 955 eodem
1106 889 1203 954 modo
1223 891 1393 964 πληροῦται
1406 883 1504 964 ἔργον

341 995 471 1066 uictor·
492 995 548 1062 illa
572 996 663 1061 enirn
687 996 856 1060 cumulate
880 997 1101 1078 monstratur,
1127 994 1499 1077 hocadperfectionem

340 1103 528 1169 adducitur.
562 1101 715 1181 Languor
746 1101 775 1164 ἐν
809 1099 935 1178 δυνάμει
970 1108 1047 1183 post
1070 1097 1156 1180 ἔργον
1180 1098 1301 1170 street.
1339 1099 1499 1180 Denique

340 1227 439 1276 aures
463 1208 698 1274 tantummodo
721 1208 838 1290 implet
861 1209 902 1272 ut
925 1207 1076 1272 tinniant
1099 1225 1149 1273 vs.
1179 1209 1218 1272 12
1241 1208 1355 1280 Ἰησοῦς
1374 1206 1402 1268 ἐν
1417 1205 1499 1281 ὑμῖν

340 1314 393 1377 nai
432 1314 518 1390 ὑμεῖς
552 1315 582 1376 ἐν
614 1313 708 1391 oded.
746 1313 865 1378 Omnia
889 1313 970 1378 haec
994 1312 1138 1393 produnt
1161 1313 1262 1378 aliam
1287 1330 1428 1378 manum
1453 1329 1500 1376 ac

339 1423 466 1487 dudum
490 1421 586 1507 nobis
609 1421 789 1500 cognitam.
814 1419 893 1484 Dele
916 1420 1014 1484 modo
1038 1419 1081 1489 εἷς
1101 1414 1119 1483 1
1136 1437 1237 1485 versu
1261 1419 1301 1484 11
1315 1417 1500 1484 etvidebis

339 1545 442 1608 quam
476 1529 565 1592 recte
601 1526 722 1592 statim
755 1528 833 1606 post
867 1528 1026 1606 quartum
1060 1542 1200 1591 versum
1230 1527 1295 1590 duo
1328 1524 1499 1607 postremi

339 1651 459 1699 versus
480 1632 582 1698 huius
606 1631 725 1712 capitis
749 1630 845 1710 sequi
868 1631 1049 1712 potuerint.

383 1739 497 1804 Etiam
525 1738 675 1819 pericope
711 1737 740 1817 2,
775 1737 885 1800 1-12
917 1737 1000 1802 sine·
1014 1737 1134 1803 damno
1158 1755 1176 1803 e
1202 1740 1364 1804 contextu
1389 1737 1501 1802 eximi

339 1845 470 1926 poterit.
508 1844 599 1924 Quod
635 1841 731 1907 initio
762 1842 884 1921 legitur
915 1842 1070 1920 ἐρωτῶμεν
1105 1843 1157 1919 δὲ,
1183 1843 1264 1908 facit
1286 1845 1326 1909 ut
1348 1843 1416 1908 fere
1440 1860 1501 1907 ex-

339 1953 531 2031 spectemus
563 1948 711 2013 inchoati
742 1949 933 2027 argumenti
963 1950 1270 2024 continuationem,
1306 1949 1363 2014 sed
1394 1965 1500 2014 secus

340 2060 394 2121 est
416 2059 451 2120 61
473 2056 640 2120 transitur
662 2056 704 2119 ad
727 2053 801 2119 alia.
826 2056 923 2120 Hanc
942 2056 1116 2138 pericopen
1140 2057 1306 2138 pertinere
1324 2073 1429 2138 usque
1450 2057 1498 2121 ad

339 2181 391 2228 vs.
429 2163 490 2243 12,
525 2161 679 2227 videmus
713 2179 766 2226 vs.
801 2161 859 2244 13,
894 2162 951 2242 qui
974 2162 1219 2244 transscriptus
1243 2165 1296 2228 est
1320 2179 1363 2226 ex
1388 2162 1424 2242 1,
1453 2162 1494 2245 3,

341 2286 422 2333 nam
453 2283 543 2333 nunc
574 2267 709 2348 quidem
739 2267 889 2333 abundat
918 2268 1060 2333 verbum
1093 2267 1259 2345 ὀφείλομεν
1292 2271 1326 2332 61
1351 2268 1379 2332 61
1402 2284 1499 2332 unus

339 2374 493 2454 idemque
529 2374 670 2454 scriptor
705 2374 819 2439 omnia
852 2375 933 2440 haec
963 2391 1030 2439 uno
1062 2377 1178 2441 tenore
1201 2374 1390 2455 effudisset,
1414 2375 1498 2454 post

339 2497 478 2545 versum
505 2481 564 2560 12,
589 2479 804 2557 ingessisset:
831 2479 911 2554 ὑμᾶς
939 2479 969 2543 u
995 2480 1008 2542 ὁ
1033 2479 1096 2551 θεὸς
1122 2477 1222 2544 εἵλετο
1247 2479 1310 2542 xri.

388 2586 544 2669 Perioope
569 2587 599 2666 2,
624 2586 733 2649 1-12
757 2604 823 2651 non
846 2589 983 2651 tantum
1005 2587 1047 2652 ab
1071 2587 1195 2671 reliquo
1218 2588 1378 2652 contextu
1401 2584 1493 2650 lucu-

338 2693 446 2758 lenter
469 2690 700 2774 distinguitur,
722 2692 780 2757 sed
798 2708 841 2756 ne
858 2693 932 2773 ipsa
951 2694 1085 2775 quidem
1105 2694 1177 2760 sine
1196 2693 1376 2759 offensione
1387 2694 1492 2773 atque

339 2817 407 2864 uno
429 2800 545 2863 tenore
569 2797 723 2861 decurrit.
749 2798 828 2863 Jam
851 2799 971 2864 statim
994 2801 1036 2865 ab
1060 2800 1156 2866 initio
1179 2816 1320 2865 manum
1343 2799 1492 2878 agnosci·

339 2922 417 2970 mus
432 2903 702 2983 interpolatoris.
736 2902 977 2988 0611116612,
1005 2907 1123 2971 1-31ε
1150 2906 1306 2982 ἐρωτῶμεν
1329 2904 1359 2968 δὲ
1386 2903 1491 2980 ὑμᾶς,

340 3013 378 3081 ὣς
398 3006 444 3074 ὅτι
465 3008 603 3081 itionum
623 3010 640 3082 ἡ
661 3008 760 3084 ἡμέρου
782 3013 836 3072 τοῦ
856 3011 972 3087 κυρίου,
994 3011 1087 3086 μήτις
1109 3012 1190 3086 ὑμᾶς
1204 3010 1391 3090 &iactation
1404 3010 1493 3074 κατὰ

340 3114 458 3193 pontiva
481 3113 601 3191 τρόπον.
625 3116 780 3180 Instante
805 3116 857 3180 die
879 3116 1013 3183 Domini
1033 3117 1088 3202 (cf.
1109 3120 1147 3189 ὡς
1169 3114 1215 3182 ὅτι
1238 3122 1257 3184 2
1279 3116 1395 3200 0015,
1413 3117 1492 3201 19),
1594 3180 1595 3203 ,

340 3240 383 3287 ne
406 3221 481 3302 quis
503 3239 565 3287 vos
589 3216 657 3286 ullo
682 3221 779 3287 modo
803 3222 962 3302 decipiat:
983 3224 1044 3289 hoc
1065 3230 1143 3289 cum
1154 3224 1290 3306 reliquis
1302 3223 1392 3289 haud
1405 3223 1494 3288 satis

341 3330 420 3409 apte
450 3327 619 3407 cohaeret;
652 3326 732 3407 quin
764 3330 800 3391 et
831 3344 935 3393 sensu
961 3347 1089 3394 vacuus
1111 3332 1165 3394 est
1186 3333 1281 3395 totus
1305 3328 1494 3393 versiculus

343 3435 378 3497 2;
413 3433 455 3501 εἰς
479 3429 513 3493 τὸ
537 3432 581 3505 μὴ
606 3469 638 3477 -
665 3433 703 3501 ὡς
727 3430 765 3494 δι’
790 3434 885 3508 ἡμῶν.
911 3434 1002 3514 Quod
1026 3435 1202 3501 inchoatur
1226 3454 1277 3501 vs.
1304 3432 1340 3500 3b
1364 3430 1409 3497 ὅτι
1435 3433 1492 3496 ἐὰν

342 3539 386 3615 μὴ
418 3536 487 3609 xri,
520 3554 600 3602 vere
631 3555 732 3603 arena
763 3539 836 3603 sine
864 3538 952 3604 calce
974 3542 1037 3605 est.
1075 3541 1154 3606 Vss.
1179 3542 1301 3606 6617
1326 3540 1492 3622 Oedipum

343 3661 444 3709 suum
473 3642 623 3707 nondum
646 3643 865 3727 iuvenerunt‚
891 3661 951 3709 nec
974 3646 1111 3725 tempus
1134 3646 1292 3711 definitur
1315 3645 1492 3711 indefinito

342 3750 396 3815 illo
420 3746 475 3810 καὶ
496 3745 567 3809 τότε
590 3765 642 3813 vs.
667 3751 698 3814 8.
723 3749 793 3829 Quo
817 3748 960 3814 refertur
979 3745 1013 3812 οὗ
1031 3768 1082 3816 vs.
1107 3752 1154 3814 9?
1167 3751 1333 3831 Quorsum
1344 3752 1494 3831 pertinet

343 3861 406 3924 τοῖς
438 3853 663 3931 ἀπολλυμένοις
687 3873 737 3920 vs.
766 3856 834 3920 10?
864 3855 988 3920 Mirum
1011 3844 1146 3937 niquis
1174 3857 1269 3922 nobis
1291 3860 1495 3923 concesserit

342 3963 455 4026 totum
487 3962 597 4026 locum
624 3977 761 4040 aegrum
784 3978 859 4025 esse
882 3977 943 4026 nec
966 3965 1099 4026 mortuo
1124 3962 1324 4028 medicinam
1347 3980 1422 4027 esse
1447 3963 1494 4029 ia-

344 4067 513 4147 ciendam;
548 4067 639 4132 lenes
674 4069 763 4131 certe
798 4067 1017 4131 correctiones
1052 4066 1160 4145 magis
1191 4068 1359 4147 nocebunt
1389 4085 1495 4148 quam

344 4172 534 4252 proderunt.
948 4224 950 4230 .

392 4278 483 4342 Bene
513 4278 642 4344 factum
672 4278 759 4359 quod
789 4277 824 4341 in
848 4277 998 4358 pericope
1022 4278 1242 4358 quantumvis
1266 4278 1352 4343 male
1375 4276 1502 4345 habita

216 4444 219 4449 .
344 4384 429 4449 oolor
463 4386 578 4448 tamen
607 4382 750 4465 pellucet
780 4381 842 4445 sub
866 4382 1129 4461 corruptelarum
1152 4381 1342 4447 involucris.
1379 4383 1494 4449 Habet

344 4492 425 4555 haec
448 4507 552 4572 parva
574 4487 783 4570 apocalypsis
807 4486 889 4553 nihil
910 4487 1090 4596 admodum
1113 4487 1321 4556 Christianae
1340 4488 1495 4574 religioni
