3192 5325
610 567 672 635 177

87 759 238 836 praeterea
269 757 365 821 Rom.
397 757 481 827 1,1
488 758 629 835 11611
664 756 722 833 1,5
757 755 1213 840 23;110.ο116,16ι11.;

89 861 334 945 10111,1;6
359 864 498 942 Philipp.
527 866 554 945 1,
582 870 620 942 6,
647 863 675 942 2,
702 863 741 926 21
768 862 808 927 61.
836 863 895 943 26;
924 864 1137 944 11116661,
1165 863 1220 943 17;·

89 970 137 1048 18,
159 971 187 1050 3,
211 971 249 1033 6·
242 969 440 1050 ‚imprimis
463 987 514 1033 vs.
542 969 601 1049 10;
629 967 755 1032 lTim
782 968 813 1048 3,
842 970 1052 1049 14;2Τ1111.
1081 971 1108 1047 1,
1136 971 1165 1034 4.

123 1075 157 1138 ln
186 1075 275 1140 hisee
306 1074 503 1145 centonibus
533 1074 614 1138 nihil
635 1074 677 1138 ad
701 1075 793 1138 certa
816 1076 968 1154 tempora
992 1078 1124 1140 certare
1148 1076 1218 1140 loca
1267 1071 1270 1076 ’

88 1179 221 1244 refertur.
254 1180 361 1260 Quam
392 1179 474 1245 nihil
505 1181 585 1244 haec
605 1196 723 1244 veram
746 1181 854 1244 vitam
879 1169 1022 1263 spirent,
1050 1199 1218 1261 nusquam

89 1289 208 1365 apparet
223 1275 430 1351 'luculentius
454 1304 554 1366 quam
578 1287 674 1350 Rom.
703 1287 736 1365 1,
766 1283 864 1350 1311
887 1285 962 1351 fine.
983 1286 1073 1350 Nihil
1094 1287 1219 1366 mirum

90 1392 266 1472 scriptorem
295 1394 439 1457 Romam
469 1393 629 1471 cogitare,
662 1394 704 1455 ut
735 1391 906 1472 impensae
935 1410 1052 1473 operae
1075 1393 1219 1473 aliquem

90 1497 218 1563 drotum
247 1499 377 1564 habeat.
415 1499 543 1563 Verum
572 1515 732 1578 quorsum
762 1494 843 1562 illud
880 1497 977 1567 καθὼς
1010 1498 1062 1561 καὶ
1096 1499 1125 1560 ἐν
1156 1507 1217 1570 τοῖς

90 1612 187 1674 torpore
211 1605 338 1668 111111
364 1605 408 1668 Et
430 1622 531 1684 quam
555 1603 688 1668 fatuum
711 1606 778 1686 661,
805 1604 988 1670 debitorem
1011 1604 1095 1670 velle
1115 1604 1219 1670 videri

91 1711 228 1776 miverso
251 1711 399 1775 humano
422 1709 550 1789 generi!

124 1815 271 1881 Ceterum
294 1816 406 1881 omnia
430 1833 549 1896 pamm
571 1818 650 1896 apte
669 1815 854 1879 oohaerent.
879 1816 938 1881 Vs.
964 1817 991 1880 i.
1011 1815 1219 1895 ἀφωρισμένος
1305 1848 1307 1852 .

89 1921 123 1992 εἷς
150 1921 332 1998 εὐαγγέλιον
367 1923 432 1984 θεοῦ
464 1921 651 1986 1666666116
681 1919 866 1995 εὐαγγέλιον
889 1923 978 1986 idem
1001 1926 1053 1987 661
1076 1923 1162 2004 quod
1186 1925 1220 1984 τὸ

89 2027 352 2108 εὐαγγελίζεσθαι·
383 2031 438 2094 661
465 2028 591 2093 etenim
624 2027 833 2106 ἀφωρισμένος
853 2060 893 2084 =
914 2027 1024 2099 κλητὸς
1050 2029 1219 2099 οέπόςολος·

89 2135 163 2214 quod
190 2137 218 2201 61
243 2140 360 2201 autem
385 2134 547 2200 voluisset
570 2135 694 2199 dicere:
721 2137 916 2212 segregatus
937 2135 978 2198 ad
1001 2136 1222 2215 Evangelium

88 2241 351 2322 1111161111,
376 2257 493 2305 omnes
516 2240 652 2304 omnino
673 2238 855 2303 Christiani
875 2239 1077 2316 ἀφωρισμὲοοι
1102 2241 1220 2305 forent.

90 2345 171 2410 Rom.
197 2349 231 2430 1,
260 2350 276 2412 1
302 2346 461 2412 convenit
483 2363 561 2410 eum
586 2344 694 2410 Galat.
721 2347 758 2427 1,
786 2346 827 2409 15
853 2364 900 2426 sq.
925 2347 1053 2411 Verum
1076 2348 1105 2412 si
1125 2365 1175 2412 vs
1204 2350 1219 2411 1

89 2451 260 2528 εὐαγγέλιον
296 2453 385 2517 idem
411 2455 464 2516 661
497 2451 583 2532 quod
605 2453 639 2514 τὸ
662 2448 942 2534 εὐαγγελίζεσθαι,
969 2454 1130 2532 quomodo
1154 2471 1221 2533 per-

89 2572 154 2634 gere
181 2560 308 2640 petuit:
340 2554 355 2621 ὃ
380 2559 671 2636 προεπηγγείλατο·
706 2557 759 2621 hio
790 2557 882 2622 enim
912 2558 1123 2637 evangelium
1153 2560 1222 2624 doe·

89 2664 167 2730 trina
189 2668 242 2730 est
265 2668 301 2730 et
324 2666 502 2731 ministerii
525 2667 773 2743 argumentum.

126 2772 202 2837 Post
232 2772 298 2847 περὶ
323 2775 376 2834 τοῦ
400 2773 462 2834 υἱοῦ
488 2771 582 2844 αὐτοῦ
608 2789 657 2836 vs.
684 2770 723 2842 3,
748 2787 851 2851 quam
875 2770 965 2837 iners
989 2774 1042 2837 661
1067 2770 1147 2836 illud
1170 2775 1223 2835 τοῦ

91 2875 236 2952 ὁρισθέντος
280 2878 343 2940 υἱοῦ
378 2878 460 2942 troo!
498 2877 533 2942 Si
567 2877 646 2942 olim
682 2874 843 2951 ὁρισθέντος
877 2876 1074 2958 respondere
1109 2878 1223 2942 debuit

89 2985 287 3062 praecedenti
317 2984 490 3065 participio
513 2982 674 3059 γενομένου
700 2980 783 3043 κασοὶ
809 2981 925 3063 σοέρκα,
950 3000 1017 3048 non
1042 2985 1224 3063 potuerunt

90 3090 193 3156 abesse
215 3091 396 3174 particulae
419 3088 475 3165 μέν
498 3094 534 3155 61
557 3087 599 3153 δέ.

129 3196 230 3275 lunge
253 3199 398 3277 quatuor
419 3196 546 3277 priores
568 3212 689 3260 versus
712 3213 790 3259 eum
813 3194 921 3275 primo
944 3197 979 3259 et
1001 3194 1137 3259 habebis
1160 3195 1223 3260 loel-

89 3298 151 3365 lum
178 3302 275 3366 illud:
305 3305 428 3372 Παῦλος
559 3300 710 3370 οὶπόςολος
736 3300 945 3379 ἀφωρισμένος
971 3300 1012 3370 εἷς
1038 3298 1224 3377 εὐαγγέλιον

90 3406 222 3481 aspirari
246 3408 310 3471 υἱοῦ
334 3408 432 3479 Ἰησοῦ
456 3411 581 3486 χριςοῦ,
608 3404 647 3469 δι’
672 3401 705 3469 οὗ
729 3404 886 3483 ἐλάβομεν
909 3404 1072 3479 exorando.

129 3508 263 3579 86616111
293 3513 547 3579 difficultatibus
578 3515 680 3578 verba
703 3513 744 3581 εἷς
770 3513 905 3583 ὑπακοὴν
931 3550 971 3559 -
998 3514 1091 3576 αὐτοῦ
1116 3533 1167 3580 vs.
1194 3513 1224 3578 5.

91 3614 164 3695 puio
194 3622 247 3684 est
278 3619 498 3701 Apostolatus
522 3620 563 3683 ad
585 3619 831 3685 obediendum?
855 3618 939 3700 Quid
963 3623 1016 3685 est
1039 3620 1225 3686 obedientia

90 3721 154 3791 fidei
183 3725 219 3789 in
242 3725 397 3791 omnibus
420 3725 602 3803 gentibus?
626 3725 793 3805 Quomodo
817 3725 1018 3806 obedientia,
1044 3727 1099 3790 vel
1122 3727 1225 3808 Apos-

90 3828 220 3911 1616116,
250 3831 323 3896 sine
353 3831 445 3896 verbi
469 3848 529 3911 ope
549 3831 646 3912 jungi
670 3831 781 3912 potuit
804 3847 882 3895 oum
906 3830 979 3907 ὑπὲρ
1003 3834 1055 3893 τοῦ
1077 3829 1224 3904 ὀνόματος
1360 3868 1362 3873 -

91 3934 185 3997 αὐτοῦ.
215 3932 488 4016 Supervaoaneue
512 3938 565 4000 est
587 3953 639 4001 vs.
664 3938 701 4019 6,
726 3953 807 4000 nam
830 3934 969 4001 lectores
993 3937 1112 4001 statim
1130 3955 1181 4001 vs.
1206 3935 1223 3997 7

91 4041 186 4111 κλητοὶ
209 4038 293 4118 ἅγιοι
316 4043 535 4123 appellantur.

130 4147 187 4213 Vs.
213 4151 251 4214 11
278 4146 424 4228 χάρισμα
449 4148 650 4228 invenimus,
673 4148 758 4229 quod
779 4148 949 4229 apostolus
968 4165 1035 4212 non
1055 4149 1120 4213 nisi
1137 4166 1225 4229 prae-

91 4267 162 4317 6616
182 4254 353 4335 impertire
376 4257 498 4335 potest.
522 4254 648 4319 Utrum
671 4271 754 4335 opus
769 4256 945 4335 operatum
963 4256 1035 4318 tam
1048 4257 1225 4321 vetustum

91 4361 138 4421 611
158 4376 202 4424 an
224 4361 324 4441 periit
345 4361 510 4441 pristinus
533 4362 712 4425 verborum
736 4360 870 4425 nexus?

130 4464 188 4531 Vs.
212 4467 252 4530 14
276 4466 349 4531 sine
372 4467 543 4532 commodo
566 4466 714 4531 transitu
737 4467 815 4547 post
838 4483 888 4531 vs.
905 4466 945 4530 13
970 4466 1130 4547 sequitur.
1153 4474 1226 4539 Τοῖς

78 4568 118 4633 ’ἐν
146 4572 244 4653 ‘Pupp
274 4590 327 4639 vs.
363 4572 404 4638 15
428 4590 715 4653 supervacaneum
738 4575 792 4637 est
815 4576 892 4653 post
916 4571 996 4647 ὑμῖν.
1020 4572 1144 4638 Deinde
1169 4591 1227 4655 spe

1120 4692 1150 4739 12
