3192 5325
695 531 738 594 55

131 706 232 774 illum
267 711 458 776 animorum
490 727 707 795 eonsensum,
750 712 830 777 illud
865 711 899 774 τὸ
935 713 1011 778 αὐτὸ
1047 712 1168 792 λέγειν,
1202 716 1288 796 quod

130 831 254 880 eorum
280 819 334 881 est
357 817 415 897 qui
437 817 525 883 fideli
548 818 721 883 concordia
740 819 858 911 Jesum
878 819 1087 900 profitentur.
1110 822 1187 887 Jam
1204 822 1288 886 duae

130 937 189 985 res
221 923 254 986 ei
286 923 475 1003 propositae
505 927 602 1006 suut,
634 941 715 988 nam
746 927 781 988 et
811 943 913 990 suum
935 941 1069 1005 gregem
1093 927 1287 992 confirmare

130 1028 214 1092 vult
251 1031 287 1092 et
321 1029 550 1094 Pneumatiois
586 1031 884 1095 commendabilem
918 1031 1025 1097 iacere
1061 1032 1288 1096 Christianam

131 1134 405 1215 persuasionem;
438 1135 525 1214 quod
555 1137 596 1199 ut
625 1139 842 1218 assequatur,
868 1154 944 1201 eam
967 1138 1060 1203 viam
1083 1137 1284 1219 ingreditur,

129 1241 173 1303 ut
203 1241 364 1305 concedat
393 1240 623 1306 Pneumaticis
654 1241 740 1320 quod
771 1242 905 1306 concedi
936 1245 1064 1323 petest,
1096 1243 1212 1307 deinde
1236 1243 1286 1307 de·

129 1348 322 1428 monstrat,
355 1347 385 1412 si
415 1347 502 1428 quod
525 1347 736 1412 Pneumatici
758 1349 922 1414 eximium
944 1350 1105 1432 habeant,
1131 1349 1165 1412 id
1188 1366 1287 1414 omne

129 1450 207 1516 illos
234 1453 337 1533 Juxta
367 1453 526 1535 spiritum
558 1454 676 1518 debere
706 1455 797 1519 Jesu.
829 1454 951 1535 Quodsi
982 1456 1067 1520 ferte
1089 1455 1286 1535 vituperant

129 1558 361 1641 Pneumatioi‚
386 1560 593 1624 Christianos
616 1560 652 1623 in
670 1560 911 1638 magistrorum
930 1561 1037 1647 verba
1048 1560 1159 1641 jurare
1178 1576 1286 1640 neque

129 1681 299 1745 umquam
322 1665 365 1730 iis
388 1683 467 1731 suos
490 1682 564 1731 esse
586 1666 683 1730 licere
703 1669 745 1749 (1,
762 1666 835 1750 12),
858 1667 928 1747 ipse
948 1669 1037 1731 certe
1057 1666 1182 1732 Paulus
1193 1667 1284 1747 Epis-

132 1787 240 1850 copus
280 1787 317 1836 se
347 1788 531 1852 numquam
562 1771 762 1837 satellitibus
790 1774 917 1853 saepsit
951 1776 986 1837 et
1008 1790 1082 1838 raro
1104 1772 1285 1836 admodum

129 1877 343 1957 baptismum
374 1879 510 1959 peregit.
543 1875 578 1941 Si
609 1879 819 1944 Pneumatioi
853 1879 1035 1944 detrudunt
1070 1895 1167 1944 omne
1199 1878 1285 1959 quod

129 1981 223 2046 inter
258 1983 412 2048 homines
442 1982 613 2049 excelsum
637 1985 793 2067 habetur,
820 2003 908 2050 nunc
931 2002 1009 2050 cum
1032 1985 1074 2050 iis
1097 1985 1281 2065 consentit,

130 2086 204 2167 ipse
240 2089 334 2153 euim
367 2090 436 2154 odit
470 2091 584 2167 σοφίαν
615 2087 709 2166 λόγου
734 2127 767 2137 -
793 2091 905 2170 arguit
935 2090 1081 2156 hominis
1111 2091 1284 2168 ingenium

130 2209 255 2271 parum
286 2195 448 2261 concinna
473 2196 595 2261 locutio
608 2233 649 2242 -
664 2197 778 2272 σοφίαν
802 2196 927 2263 scilicet
950 2195 1062 2277 adyto,
1088 2212 1155 2276 qua
1177 2195 1284 2260 erucis

130 2300 339 2365 contumelia
362 2301 492 2366 tollitur
522 2304 564 2381 (l,
592 2303 632 2366 17
644 2325 651 2383 ;
679 2302 745 2386 18).
776 2302 937 2368 Libenter
958 2303 1075 2384 recipit
1098 2301 1283 2382 pneumati·

129 2422 210 2469 cum
235 2407 475 2472 documentum
499 2427 550 2473 vs.
577 2410 636 2489 19,
661 2409 719 2474 sed
742 2410 963 2474 immutatum
987 2413 1022 2474 91
1043 2407 1283 2489 interpolatum

131 2517 170 2589 (e.
209 2529 241 2591 g.
277 2530 348 2577 vss.
379 2514 543 2598 22-24),
580 2533 644 2596 quo
677 2515 885 2581 Pneumatici
922 2515 1042 2580 medus
1075 2514 1280 2596 intelligant,

131 2618 309 2707 Christum
347 2635 422 2685 esse
456 2637 532 2685 eam
566 2621 731 2687 virtutem
765 2638 905 2703 eamque
939 2621 1157 2704 sapientiam,
1194 2619 1282 2685 unde

130 2725 343 2791 Pneumatici
367 2743 428 2791 sua
447 2728 561 2792 omnia
584 2731 739 2808 repetant
755 2728 787 2804 ¹).
813 2729 897 2810 Quid
920 2728 1129 2810 praedicant,
1154 2728 1279 2810 inquit,

129 2832 221 2911 quod
251 2848 311 2913 per
342 2836 611 2916 sessspectatum,
638 2833 714 2895 αὐτὸ
740 2834 808 2896 καθ’
834 2832 926 2915 αὑτό,
951 2833 1096 2899 stultum
1120 2837 1155 2898 et
1178 2834 1281 2899 debile

129 2938 211 3002 est?
233 2937 308 3003 Non
332 2938 416 3003 sinit
439 2939 563 3004 caritas
588 2939 755 3020 despicere
774 2941 925 3005 indoctos
944 2941 980 3005 et
999 2939 1120 3004 debiles
1133 2945 1194 3015 (vs.
1209 2941 1279 3022 26),

129 3059 217 3122 quos
251 3042 342 3108 Deus
373 3045 526 3125 vocavit,
558 3046 616 3125 qui
647 3045 911 3127 contemptibilia
943 3043 1041 3123 elegit
1074 3046 1109 3108 et
1133 3062 1282 3125 eaquae

128 3164 197 3213 non
222 3151 304 3213 sunt
338 3154 399 3226 (vs.
430 3151 493 3227 28).
520 3151 606 3231 Quin
630 3154 666 3215 et
689 3151 801 3231 ipsum
825 3168 861 3215 se
884 3168 961 3216 cum
985 3150 1185 3231 pauperibus
1207 3167 1281 3215 cou-

126 3253 285 3332 junctum
317 3270 391 3320 esse
419 3256 537 3320 sentit.
573 3257 649 3337 Ipse
679 3274 747 3321 non
779 3259 833 3321 est
856 3257 1027 3337 eloquens,
1053 3272 1121 3320 non
1146 3255 1279 3339 doctus,
1339 3310 1341 3313 .

128 3376 196 3423 non
222 3361 366 3425 nimium
390 3361 454 3426 sibi
476 3378 655 3441 arrogans:
680 3362 731 3425 acl
758 3361 819 3437 tyb
844 3362 873 3423 ἐν
897 3362 1038 3443 ἀσθενείᾳ
1062 3361 1113 3424 καὶ
1139 3362 1169 3423 ἐν
1188 3359 1280 3440 φόβῳ

128 3464 180 3525 καὶ
208 3463 239 3525 ἐν
262 3462 362 3543 τρόμῳ
386 3468 490 3545 πολλῷ
516 3457 588 3544 addc
614 3466 696 3543 ὑμᾶς
722 3466 766 3552 (2,
795 3467 912 3551 1-5)‚
938 3486 977 3534 ac
1000 3468 1140 3533 minime
1158 3470 1193 3533 111
1213 3486 1281 3550 per·

130 3570 289 3635 suasione
313 3571 506 3652 sapientiae.

141 3768 317 3779 ....--—

168 3894 196 3954 1)
216 3892 314 3957 Optime
330 3892 440 3941 cohaeret
458 3895 480 3950 1,
497 3894 529 3943 215
547 3908 602 3941 curn
618 3908 651 3941 va.
670 3893 717 3951 21,
735 3893 775 3941 aed
792 3895 846 3957 poet
863 3907 896 3940 va.
914 3892 947 3939 24
964 3890 1099 3954 conjunctio
1113 3890 1153 3940 111
1169 3892 1278 3941 idoneam

136 3975 318 4040 explicationem
336 3991 383 4023 aon
401 3974 479 4024 habet.
498 4002 528 4011 ·-
552 3974 638 4023 Odiosa
655 3974 822 4024 Pneumaticos
840 3972 931 4021 Christi
948 3988 1046 4031 nomeu,
1064 3977 1118 4022 tum
1134 3975 1233 4038 apparet
1250 3988 1277 4021 ex

136 4056 156 4112 1,
177 4058 217 4115 12,
240 4061 294 4105 tum
316 4072 344 4105 ex
361 4074 411 4121 cap.
430 4058 469 4114 12,
488 4058 561 4105 1-3.
580 4057 690 4105 Christus
707 4056 737 4105 119
754 4055 880 4104 anathema
897 4058 961 4113 erat,
979 4055 1042 4117 quod
1059 4055 1187 4103 secundum
1204 4054 1278 4119 scrip-

138 4139 278 4187 turemindc
290 4138 422 4195 oriebatur,
438 4140 502 4202 quod
516 4141 614 4198 πνεῦμα
628 4154 675 4202 quo
689 4138 827 4195 ferrentur,
842 4152 891 4185 non
899 4140 959 4185 eeact
967 4139 1065 4197 πνεῦμα
1073 4136 1153 4198 ἅγιον.
1163 4137 1277 4185 Germani

138 4220 287 4270 Pneumatici
308 4222 405 4270 venient
427 4222 554 4285 aliquando
575 4222 604 4269 ud
621 4222 651 4269 11
669 4218 733 4269 adri
751 4218 834 4282 Λέγειν
852 4223 876 4267 91
893 4220 951 4268 Jeau
969 4219 1102 4267 doctrinam
1117 4220 1276 4267 communiter

137 4303 319 4370 amplectentum
343 4304 383 4351 aed
400 4304 550 4353 Pneumatici
570 4303 612 4368 qui
628 4319 691 4351 nunc
708 4306 775 4360 aunt,
793 4302 925 4367 suspiciunt
942 4298 1033 4349 ἐίδωλοι
1050 4302 1084 4348 τὰ
1102 4298 1199 4362 ἄφωνα,
1216 4315 1276 4364 quae

138 4385 228 4435 nullanl
251 4385 276 4433 in
297 4385 368 4433 corde
389 4401 470 4434 vocem
493 4385 608 4434 rumitant
626 4400 701 4447 neque
719 4385 748 4432 ad
766 4384 857 4432 Christi
874 4382 1004 4431 doctrinam
1025 4382 1153 4447 perducere
1169 4384 1274 4445 possunt.

138 4465 203 4513 Haec
223 4466 343 4514 sententia
367 4481 416 4514 9999
436 4466 532 4514 videtur
548 4482 583 4514 19.
601 4466 630 4525 2,
647 4466 672 4514 in
689 4481 737 4528 quc
753 4465 838 4513 lacuna
854 4465 965 4529 arguitur
982 4462 1087 4512 obscuris
1103 4459 1227 4517 19111911
1244 4459 1273 4507 ἂν

136 4542 224 4609 thecia
240 4563 274 4596 19.
292 4548 309 4597 2
327 4550 352 4597 et
368 4563 455 4614 parum
471 4551 528 4613 apta
545 4546 711 4611 conjunctione
727 4544 765 4595 διό
782 4562 815 4595 vs.
834 4548 856 4595 3.
