3192 5325
624 531 687 595 187

78 710 324 793 humilitatem,
357 711 511 778 lacrimas
542 710 591 797 (et
622 713 684 778 has
714 712 849 795 quidem
871 712 923 778 bis
945 712 1027 778 adeo
1051 729 1102 778 vs.
1130 713 1170 778 19
1193 712 1228 776 et

80 818 149 899 31);
183 818 408 899 tentationes3
442 818 622 884 ministerii
652 819 769 900 fidem;
794 821 939 885 incertas
961 819 1095 885 futuras
1117 836 1171 884 res
1192 819 1229 883 et

78 923 154 988 mali
178 941 377 1004 praesagam
401 929 567 1008 mentem,
595 926 652 990 sed
673 925 777 991 etiam
797 925 1003 1006 intrepidum
1021 925 1174 990 animum
1193 925 1229 988 et

77 1028 132 1092 Dei
155 1030 414 1111 confidentiam;
438 1030 578 1113 denique
602 1033 750 1099 affirmat
774 1032 856 1097 nihil
879 1048 953 1098 esse
976 1047 1035 1096 cur
1053 1049 1095 1097 se
1117 1047 1229 1095 coram

78 1137 286 1202 auditoribus
321 1137 462 1202 incuset.
505 1138 726 1204 Commendat
761 1155 911 1222 gregem,
949 1154 1048 1219 quem
1084 1134 1229 1219 Spiritus

58 1240 224 1308 ·Sanctus
254 1242 394 1309 tradidit
416 1247 451 1309 et
474 1242 617 1323 digitum
640 1244 786 1309 intendit
809 1245 843 1308 in
867 1243 1027 1326 pericula,
1050 1260 1136 1325 quae
1158 1260 1228 1323 por-

78 1349 264 1416 tenduntur
295 1369 316 1416 a
343 1350 436 1416 falsis
461 1352 664 1435 doctoribuS,
690 1369 774 1433 quos
796 1368 933 1432 rapaces
957 1351 1052 1431 lupos
1073 1348 1226 1430 appellat.

78 1454 298 1521 Commendat
333 1474 389 1523 eos
423 1457 508 1540 Deo,
542 1458 629 1539 apud
660 1475 760 1539 quem
790 1460 882 1522 certa
912 1457 1078 1522 hereditas
1108 1458 1227 1536 parata

77 1564 144 1634 est,
169 1563 311 1645 donique
335 1563 474 1646 „positis
494 1564 634 1642 genibus
654 1565 725 1629 suis
747 1564 857 1629 oravit
870 1561 1224 1628 cumomnibusillis”.

78 1666 130 1731 lit
153 1669 275 1744 fletus,
297 1670 418 1735 collum
437 1669 703 1754 amplectuntur,
727 1671 921 1738 osculantur
943 1673 978 1734 et
1001 1670 1108 1750 quoad
1131 1667 1224 1753 licet,

79 1791 144 1840 una
167 1781 354 1842 remanent.

124 1882 234 1948 Tanta
256 1884 366 1949 fuerat
389 1885 528 1966 caritas,
553 1888 653 1950 tanta
673 1885 842 1950 suavitate
855 1883 988 1949 condita
999 1881 1224 1965 necessitudo,

80 2003 162 2065 quae
187 1992 260 2054 erat
283 1990 371 2054 inter
390 1991 577 2072 apostolum
598 1994 634 2055 et
655 1991 876 2072 presbyteros.
905 1987 1135 2054 indissolubile
1155 1987 1226 2051 vin·

82 2093 191 2158 culum
223 2113 330 2176 quum
361 2099 467 2176 esset,
498 2097 618 2162 licebat
642 2097 673 2161 11
697 2096 844 2161 multum
867 2095 964 2159 dese
986 2094 1057 2175 ipso
1080 2092 1167 2174 loqui
1192 2095 1227 2157 et

81 2197 118 2260 de
142 2200 246 2266 malis
279 2218 364 2282 quae
388 2219 566 2284 perpessus
589 2203 718 2267 fuisset.
743 2203 840 2267 Hanc
862 2204 972 2266 totam
995 2200 1152 2281 pagiuam
1175 2198 1227 2262 ad·

81 2304 255 2391 miramur,
289 2325 369 2373 nam
400 2308 483 2373 nihil
514 2307 622 2374 iuerat
642 2309 677 2372 in
701 2309 941 2390 superioribus,
968 2324 1026 2372 cur
1049 2306 1227 2386 suspicare·

81 2426 172 2488 mur,
195 2414 339 2479 Paulum
362 2414 444 2480 alios
466 2418 564 2480 tanta
587 2415 726 2480 caritate
750 2415 899 2479 imbuere
919 2413 1078 2493 potuisse.
1111 2411 1225 2476 Osten-

81 2513 152 2581 1111
183 2536 262 2584 eum
295 2520 419 2584 dixeris
450 2519 593 2586 indolem
615 2522 657 2584 ab
681 2519 894 2600 antiquitatis
920 2519 1100 2584 severitate
1124 2532 1226 2582 remo-

81 2621 149 2687 tam
173 2627 208 2689 et
227 2625 319 2691 hisco
338 2626 546 2707 temporibus
557 2625 907 2706 accommodatiorem·;
921 2625 994 2708 ipsa
1006 2624 1110 2690 etiam
1121 2623 1226 2689 animi

82 2727 266 2797 teneritudo
308 2732 414 2812 spirat
448 2734 571 2815 aliquid
606 2750 806 2811 magnarum
841 2749 953 2799 rerum
987 2732 1157 2811 negligens
1192 2733 1227 2795 et

81 2830 230 2902 hactum.

124 2941 235 3009 Tertia
264 2943 409 3010 locorum
435 2946 538 3011 series
561 2946 669 3011 denuo
692 2946 902 3014 demonstrat
926 2945 1021 3010 nobis
1044 2943 1186 3023 Paulum
1207 2960 1228 3007 a

84 3043 281 3124 dogmaticas
312 3051 565 3131 quaestionibus
595 3052 693 3132 paulo
724 3050 931 3134 alieniorem,
965 3049 1021 3115 sed
1053 3067 1142 3113 nunc
1165 3048 1226 3128 pri·

83 3168 173 3218 mum
215 3157 446 3235 cognoscimus
481 3176 560 3223 eum
594 3158 805 3239 mysticismo
841 3156 1070 3238 mancipatum
1103 3155 1224 3237 fuisse,

62 3261 166 3325 unde
189 3261 375 3342 praeclaras
398 3263 576 3329 nonnullas
598 3264 766 3328 hausisset
785 3263 989 3346 sententias,
1011 3280 1095 3344 quas
1114 3280 1225 3343 oppor-

84 3366 162 3433 tuno
174 3371 324 3449 tempore
336 3373 371 3434 et
381 3370 497 3436 idoneo
507 3369 577 3435 loco
588 3373 767 3451 spargeret.
792 3370 840 3433 Ea
852 3372 905 3435 est
917 3368 1043 3434 indoles
1054 3372 1094 3433 ut
1105 3386 1226 3448 magno

83 3469 158 3540 alios
190 3476 242 3540 sui
273 3492 385 3540 amore
415 3476 563 3541 imbuere
594 3476 711 3557 possit.
747 3476 856 3541 Facile
886 3478 1042 3541 movetur
1065 3493 1227 3556 suamque

83 3592 253 3654 personam
274 3599 419 3662 suasque
436 3600 491 3647 res
511 3583 644 3663 saepius
663 3582 835 3646 interdum
853 3582 988 3663 respicit
1000 3599 1102 3661 quam
1113 3580 1225 3646 velles.

124 3687 185 3752 Est
215 3690 332 3752 tamen
362 3706 402 3753 ea
433 3688 538 3754 animi
569 3688 758 3754 teneritudo
788 3690 831 3754 ab
862 3690 953 3754 omni
976 3688 1109 3766 ignavia
1131 3687 1226 3766 longe

84 3797 221 3875 remota;
254 3794 334 3874 quin
365 3795 470 3860 etiam
501 3794 666 3876 intrepido
697 3795 810 3859 animo
840 3795 972 3859 obviam
1000 3795 1029 3858 it
1055 3792 1223 3876 1111111115,

85 3913 162 3976 quaa
192 3918 269 3965 eum
302 3900 543 3981 Hierosolymis
569 3902 718 3965 manent.
755 3900 856 3965 Initio
885 3900 1033 3964 vidimus
1057 3916 1134 3963 1111
1158 3914 1225 3979 per-

68 4006 267 4071 secutiones
297 4006 386 4070 haud
415 4023 489 4071 raro
520 4007 697 4090 declinare,
732 4007 789 4072 sed
823 4024 914 4071 nunc
938 4006 1058 4085 spretis
1081 4004 1226 4070 admoni-

86 4110 229 4177 tionibus
259 4114 295 4177 et
325 4113 477 4193 precibus
506 4113 705 4194 amicorum,
739 4113 778 4177 de
805 4111 970 4175 industria
992 4128 1030 4175 eo
1053 4113 1223 4192 properat,

86 4216 137 4281 ubi
159 4234 272 4282 rerum
298 4235 438 4282 suarum
455 4218 706 4283 conversionem
727 4217 795 4282 iore
815 4218 990 4297 exspectat
1011 4215 1077 4299 (20,
1095 4218 1224 4295 1-14).

86 4320 143 4387 Sed
165 4322 243 4389 licet
266 4323 385 4388 itinere
408 4322 461 4388 illo
481 4322 785 4406 Hierosolymitano
805 4323 876 4403 ipse
888 4322 1138 4387 conversionem
1150 4338 1225 4387 eam

86 4443 216 4496 1111111
251 4428 420 4512 videatur,
456 4433 634 4511 postquam
666 4429 897 4513 Hierosolyma
927 4428 1095 4511 pervenit,
1128 4428 1224 4507 pluri·
1302 4443 1304 4447 ·

87 4549 174 4602 mum
211 4535 374 4601 miramur
407 4553 486 4601 eum
516 4536 603 4617 quod
633 4536 670 4600 in
699 4535 911 4618 persuasione
933 4532 1095 4615 peculiare
1115 4534 1223 4610 esset,
