3192 5325
684 1445 858 1535 CAPUT
886 1444 1161 1543 QUARTUM.

551 1628 694 1703 PRIMA
715 1626 926 1700 EPISTULA
947 1626 1004 1699 AD
1027 1626 1300 1703 CORINTHIOS.

395 1998 555 2064 Omnium
577 1998 726 2080 primum
745 1997 780 2061 in
804 1998 865 2062 hoc
878 1998 1035 2079 opuscuIc
1047 1998 1371 2081 animadvertimus,
1393 2000 1510 2066 inesse

349 2108 569 2186 argumenta,
606 2123 692 2186 quae
726 2104 801 2186 plus
832 2106 935 2171 semel
959 2108 1151 2170 tractantur
1173 2108 1209 2171 et
1232 2106 1368 2187 quidem
1392 2106 1445 2171 ita
1471 2111 1511 2172 111

348 2212 449 2277 dubia
471 2212 604 2277 diversa
627 2212 796 2277 interdum
819 2212 948 2277 ratione
960 2212 1154 2296 solvantur.

892 2442 959 2519 §L

634 2552 839 2658 Tractentur
860 2592 1004 2659 Iudaica
1023 2593 1226 2676 frupmeata.

393 2773 589 2853 Antequam
601 2790 642 2838 ea
660 2773 701 2838 de
712 2792 748 2840 re
763 2793 920 2855 quaerere
939 2776 1176 2858 iustituamus,
1190 2775 1290 2856 juvat
1310 2776 1509 2842 examinare

348 2898 432 2944 num
462 2880 548 2944 forte
579 2877 633 2944 hic
664 2898 796 2961 quoque
825 2881 954 2947 factum
977 2882 1039 2965 sit,
1065 2881 1152 2963 quod
1176 2880 1254 2945 aiibi
1277 2880 1409 2947 iactum
1433 2898 1510 2947 0000

347 2987 575 3068 ostendimus,
601 2989 636 3050 et
660 2986 784 3053 Paulus
808 2988 992 3070 Episcopus
1016 2988 1153 3053 Judaica
1172 2988 1364 3068 fragmenta
1384 2991 1510 3055 retrac-
1595 2985 1596 2988 ’

348 3095 474 3158 daverit
501 3095 542 3157 ut
572 3092 744 3173 Epistulae
767 3094 938 3159 insereret.
963 3094 1014 3159 Ac
1038 3094 1157 3159 statim
1181 3111 1219 3158 eo
1243 3094 1411 3175 pertinere
1434 3113 1509 3160 con·

344 3198 481 3279 jicimus
513 3198 613 3280 Capp.
650 3200 736 3263 1-3
767 3203 803 3264 01
832 3201 1057 3280 pneumaticis
1081 3200 1228 3265 (Iudaicis
1251 3199 1511 3279 adsignabimus

347 3303 426 3385 Cap.
462 3304 490 3386 1,
524 3305 584 3385 12;
637 3305 766 3386 9-21;
801 3307 854 3370 25.
880 3307 919 3389 2,
945 3307 1066 3387 6-8⁸;
1091 3304 1213 3370 9-15.
1240 3307 1280 3387 3,
1306 3307 1416 3387 4—93
1442 3307 1508 3388 213

349 3411 423 3492 22η
450 3411 495 3494 (4,
524 3412 566 3487 2).

392 3517 485 3597 Quod
508 3516 628 3582 statim
651 3519 692 3582 ab
714 3517 811 3582 initio
835 3519 992 3598 apparet,
1017 3517 1119 3583 huius
1144 3514 1319 3598 Epistulae
1340 3518 1506 3600 scriptor,

346 3623 404 3690 sed
435 3623 641 3688 reductorem
664 3639 743 3688 eum
766 3624 931 3704 appellare
955 3624 1143 3704 malumus,
1169 3623 1293 3688 Paulus
1317 3621 1507 3705 Episcopus

346 3746 448 3810 quem
470 3728 635 3810 appellare
659 3733 916 3811 consuevimus,
940 3729 1016 3794 vult
1036 3730 1183 3794 excitare
1202 3728 1342 3795 lectores
1364 3729 1407 3794 ad
1428 3745 1507 3794 con·

346 3836 493 3902 cordiam
514 3852 637 3917 eosque
657 3836 755 3916 J'ubet
778 3833 814 3896 τὸ
835 3835 912 3898 αὐτὸ
933 3834 1037 3909 λέγειν
1059 3833 1104 3918 (1,
1129 3834 1194 3917 10).
1216 3834 1309 3915 Quod
1326 3835 1381 3900 hic
1394 3835 1507 3900 facere

344 3944 515 4026 jubemur,
541 3943 613 4006 tam
633 3957 734 4020 grave
750 3944 890 4021 tamque
909 3941 1101 4007 admirabile
1121 3944 1190 4024 est,
1215 3943 1255 4005 111
1267 3942 1389 4006 statim
1401 3958 1506 4006 aures

346 4051 482 4114 nostras
499 4048 665 4113 advertat.
687 4048 775 4112 Hinc
790 4045 953 4127 epIstulae
965 4047 1197 4128 interpretatio
1213 4046 1374 4127 proficisci
1387 4046 1506 4126 debet,

346 4171 427 4219 nam
451 4153 618 4219 sentimus
642 4154 705 4218 hoc
728 4169 804 4217 0000
827 4151 863 4215 in
886 4151 1040 4232 Episcopi
1063 4153 1199 4217 consilio
1224 4151 1433 4232 primarium.

392 4260 470 4325 Jam
498 4259 713 4340 perspicuum
742 4260 796 4323 est
826 4257 868 4322 ad
891 4255 971 4321 iilud
993 4256 1171 4321 consilium
1194 4257 1309 4322 referri
1334 4275 1403 4322 vss.
1432 4259 1497 4321 9-

348 4367 405 4449 11,
438 4367 496 4432 sed
520 4384 588 4431 non
612 4365 736 4446 poterit
759 4364 918 4429 continuo
941 4362 1030 4428 idem
1052 4363 1213 4428 affirmari
1237 4364 1278 4428 de
1302 4382 1354 4429 vs.
1383 4366 1411 4445 1,
1441 4367 1504 4446 12;

344 4492 425 4540 nam
448 4473 535 4555 quod
557 4472 698 4553 quisque
721 4470 877 4535 0110010011
900 4470 1121 4550 praeceptoris
1146 4470 1199 4533 sui
1219 4486 1360 4552 nomen,
1386 4473 1504 4550 potest

343 4581 377 4646 id
412 4598 486 4646 esse
518 4594 600 4645 sane
631 4575 814 4642 discordiae
852 4574 1030 4650 indicium,
1062 4573 1120 4638 sed
1151 4574 1242 4639 idem
1276 4575 1405 4640 faciunt
1441 4578 1505 4658 qui
