3192 5325
379 1515 381 1519 ,
403 1415 576 1506 CAPUT
606 1416 908 1510 SECUNDUM.

240 1612 451 1690 EPISTULA
478 1616 516 1689 II
546 1616 604 1693 iu
632 1616 1068 1694 THESSALONICENSES.

563 1839 713 1848 ——-—---
722 1841 741 1848 -

147 2014 185 2078 In
207 2018 352 2083 secunda
375 2021 518 2101 epistula
541 2021 688 2103 primum
709 2022 993 2088 considerabimus
1016 2022 1221 2102 fragmenta,

92 2117 259 2201 inquibus
283 2125 434 2200 παρουσία
458 2129 640 2194 tractatur:
666 2147 687 2193 11
713 2129 741 2210 1,
769 2127 938 2192 5-11161
962 2128 980 2190 b
1004 2128 1032 2210 2,
1062 2128 1179 2192 1-12.

131 2226 277 2296 Primum
307 2232 534 2313 fragmentum
561 2252 622 2301 nec
645 2236 799 2301 cohaeret
821 2252 900 2301 oum
922 2234 964 2299 iis
987 2251 1072 2316 quae
1095 2251 1222 2316 praece·

91 2331 182 2414 dunt,
213 2352 273 2402 nec
304 2356 382 2404 cum
413 2339 455 2406 iis
485 2359 570 2422 quae
598 2341 991 2423 66111111111111.0611616.
1018 2340 1221 2407 5116116611-

90 2437 232 2506 tinuatur
254 2444 287 2508 id
311 2447 398 2526 quod
421 2448 550 2513 dictum
568 2448 678 2514 iuerat
693 2467 744 2514 vs.
764 2450 784 2513 4
804 2452 840 2513 61
860 2448 1050 2530 oppositum
1070 2449 1223 2514 substan·

91 2543 192 2613 tivum
221 2548 369 2627 ἔνδειγμα
398 2554 481 2619 nihii
503 2555 602 2636 plane
619 2557 720 2621 habet
742 2556 778 2621 in
803 2553 1039 2636 superioribus,
1065 2571 1130 2635 quo
1153 2571 1221 2636 per-

90 2649 188 2719 tinent
222 2660 257 2723 et
291 2657 368 2726 finis
403 2661 570 2729 indicatur
604 2662 715 2729 verbis
750 2662 792 2732 εἷς
822 2660 857 2725 τὸ
889 2657 1129 2736 καταξιωθῆναι,
1163 2662 1220 2727 sed

91 2760 219 2830 verbum
251 2767 342 2833 unde
375 2770 514 2851 pendet,
550 2772 585 2835 111
616 2771 754 2837 obscuro
786 2772 856 2850 est,
888 2785 950 2835 nec
973 2769 1080 2847 magis
1102 2769 1139 2833 in
1161 2767 1222 2833 iaii

91 2871 247 2937 6611611116
270 2875 393 2954 poterit
416 2879 587 2943 commode
609 2878 767 2961 explicari
791 2876 982 2959 conjunctio
1006 2874 1108 2957 εἴπερ,
1122 2892 1173 2941 vs.
1188 2875 1219 2939 6.

133 2976 193 3043 Hic
226 2998 269 3047 ne
305 2983 374 3047 sint
407 2984 519 3050 omnia
549 2985 738 3068 perspicua,
771 2987 807 3049 et
836 2985 918 3049 sunt
947 2982 989 3047 ad
1019 2998 1104 3062 quae
1135 2981 1221 3047 infra

93 3080 177 3149 nobis
199 3085 332 3153 dabitur
353 3088 473 3172 redire,
499 3090 558 3155 sed
581 3093 695 3156 tamen
718 3088 929 3170 agnoscimus
947 3104 1051 3152 unam
1071 3087 1221 3152 eandem-

93 3201 147 3265 que
167 3192 353 3276 periodum,
379 3212 463 3277 quae
483 3196 694 3278 abrumpitur
713 3197 850 3261 demum
869 3212 921 3260 vs.
937 3194 976 3259 11
990 3192 1221 3275 conjunctione

96 3292 131 3358 εἰς
153 3290 184 3378 1,
217 3316 303 3380 quae
330 3300 426 3382 plane
449 3303 533 3368 nihil
556 3303 730 3383 significat.
754 3302 930 3367 Praeterea
953 3301 1083 3367 vocatio
1105 3317 1221 3367 eornm

94 3401 141 3478 qui
171 3403 281 3484 legent
314 3410 404 3474 66116
435 3412 592 3475 66161116
622 3426 759 3474 versum
787 3409 846 3489 10;
871 3407 988 3473 deinde
1010 3407 1140 3473 incerta
1163 3406 1219 3490 flt;

94 3506 191 3573 confer
208 3512 305 3577 modo
328 3531 379 3579 vs.
398 3515 438 3578 10
461 3511 671 3588 ἐνδοξασθῆναι
691 3517 727 3580 et
745 3512 886 3585 ἕπιςεύθῆ
906 3512 941 3576 τὸ
961 3512 1123 3591 μαρτύριον
1136 3512 1220 3589 ἡμῶν

94 3610 137 3688 ἔφ’
156 3613 233 3689 ὑμᾶς
253 3636 332 3684 oum
351 3619 392 3686 iis
404 3638 489 3702 quae
500 3623 657 3701 leguntur
667 3640 737 3687 vsa.
753 3623 792 3686 11
807 3622 915 3686 et12:
930 3618 1163 3698 προσευχόμεθα
1176 3655 1218 3666 -

94 3708 354 3806 intricatores.
390 3727 429 3793 In
451 3728 586 3811 reliquis
609 3728 761 3794 versibus
786 3729 873 3807 1-4
896 3729 932 3791 61
954 3726 1084 3790 11-12
1104 3742 1218 3806 agnos-

94 3822 187 3892 cimus
209 3831 394 3898 orationem
417 3834 579 3900 mellitam
602 3836 660 3900 sed
684 3834 850 3899 elumbem
872 3833 967 3898 Pauii
978 3832 1139 3915 Episcopi.
1160 3832 1218 3897 Su-

94 3931 242 4006 perfluum
266 3940 319 4003 est
342 3939 437 4010 καθὼς
463 3936 547 4014 ἄξιοι
571 3939 633 4005 ico
653 3940 719 4026 (vs.
744 3941 776 4018 3)
799 3942 877 4021 post
901 3937 1082 4019 ὀφείλομεν,
1108 3938 1160 4004 1111
1183 3941 1218 4004 61
1358 4006 1360 4011 ,

95 4032 128 4103 εἷς
156 4038 308 4116 ἀλλήλους
344 4049 419 4128 post
453 4046 513 4115 ἑνὸς
547 4042 668 4113 §adcon
703 4046 879 4112 Praeterea
909 4046 1056 4111 abundat
1092 4044 1122 4107 ἐν
1147 4044 1217 4119 ὑμῖν

95 4157 137 4207 VS.
158 4148 193 4228 43
213 4151 266 4216 fae
289 4151 474 4231 significare
497 4152 527 4215 ἐν
549 4160 619 4223 ταῖς
644 4153 843 4225 ἐκκλησίαις·
867 4153 920 4218 sac
944 4152 1128 4232 significare
1144 4148 1216 4229 ὑπὲρ

96 4245 244 4321 111116.
271 4256 343 4333 ὑπὲρ
367 4266 421 4330 τῆς
448 4257 597 4333 ὑπομονῆς
621 4259 721 4336 ὑμῶν·
746 4276 887 4341 semper,
911 4259 964 4324 uti
982 4258 1094 4341 Vides,
1116 4259 1216 4323 abun·

96 4352 182 4424 dabit.
205 4361 331 4428 Deinde
347 4381 398 4430 vs.
420 4366 441 4430 4
461 4367 601 4447 scriptor
620 4367 743 4432 oblitus
762 4369 832 4442 est,
846 4364 997 4431 caritatis
1009 4363 1217 4431 mentionem

97 4458 203 4534 factam
224 4469 329 4535 1111666
351 4488 402 4535 vs.
428 4472 464 4537 3:
484 4473 610 4552 gratias
628 4472 698 4553 agit
717 4472 804 4555 quod
822 4474 919 4537 tanto
931 4488 1027 4553 opere
1039 4474 1217 4537 creverunt

98 4564 315 4653 discipulorum
348 4577 430 4643 fides
458 4581 494 4645 61
528 4581 669 4661 coritas,
701 4581 741 4645 ut
770 4578 904 4644 laudare
931 4577 1037 4659 possit
1059 4577 1158 4642 fldem
1180 4579 1217 4641 et
