3192 5325
658 525 718 589 181

130 707 301 772 suasionem
324 707 444 772 statim
466 707 540 772 aliis
560 707 757 788 persuadere
776 709 881 789 cupit,
901 708 1018 773 deinde
1034 708 1090 788 qui
1106 707 1259 771 ,nondum

129 813 221 878 sentit
252 813 486 892 obligationem
514 813 606 879 vitae
636 814 819 895 periculum
850 814 992 880 adeundi
1015 817 1056 879 ut
1079 831 1167 879 nova
1189 813 1257 877 doc-

127 919 206 983 trina
227 918 449 1001 confirmetur,
474 920 615 1002 denique
637 907 695 1000 hui
718 921 827 999 magis
849 922 944 1001 paret
975 921 1048 986 aliis
1067 937 1170 1000 quam
1188 919 1259 999 ipse

127 1027 247 1089 strenue
280 1027 467 1105 praeeundo
502 1025 694 1108 exemplum
726 1028 871 1107 praebet.
906 1026 1107 1091 Attentione
1138 1025 1258 1104 dignus

126 1135 171 1194 est
197 1149 245 1196 vs.
278 1133 329 1215 17,
365 1133 427 1196 1οε
464 1132 599 1197 Fratres
634 1150 692 1214 per
722 1135 858 1197 noctem
888 1132 1086 1198 dimiserunt
1117 1131 1258 1196 Paulum

127 1237 291 1302 Beroeam”
326 1241 362 1302 et
396 1240 445 1322 17,
480 1241 537 1303 14:
573 1238 735 1324 ,Paulum
764 1239 965 1304 dimiserunt
988 1238 1108 1303 fratres
1131 1241 1172 1303 ut
1194 1237 1258 1304 iret

125 1340 161 1406 ad
178 1341 296 1408 mare'’.
321 1343 412 1408 Alibi
431 1344 527 1410 aliter
546 1344 711 1426 scribitur,
736 1344 842 1409 veluti
869 1345 919 1428 18,
946 1344 984 1409 21
996 1344 1078 1408 -23
1098 1347 1133 1408 61
1154 1344 1255 1427 20,1;

128 1447 171 1528 13,
195 1449 249 1514 sed
272 1450 383 1515 confer
408 1452 459 1532 19,
485 1451 539 1515 30.

165 1555 342 1636 Postquam
365 1574 474 1622 unum
496 1576 624 1623 annum
646 1558 845 1624 Antiochiae
868 1557 959 1638 degit
983 1559 1046 1637 (11,
1073 1556 1138 1639 26),
1164 1556 1257 1642 „mit-

124 1661 218 1725 titur”
248 1663 480 1746 Hierosolyma
502 1665 545 1729 ad
568 1664 739 1730 collectam
758 1665 933 1746 pecuniam
952 1664 1181 1745 perferendam
1193 1668 1255 1739 (vs.

125 1765 181 1843 30)
214 1768 293 1833 inde
328 1770 544 1836 Antiochiam
574 1788 728 1837 reversus
759 1770 827 1854 (12,
861 1769 903 1834 25
935 1771 1004 1835 coll.
1037 1787 1115 1835 cum
1148 1769 1256 1852 13,1)

127 1873 304 1955 „mittitur”
338 1877 380 1940 ab
412 1877 558 1941 Ecclesia
584 1877 626 1941 ad
648 1877 818 1957 proprium
842 1893 983 1959 munus,
1008 1893 1072 1957 quo
1094 1893 1162 1940 non
1185 1875 1255 1939 fun·

123 1978 204 2056 gitur
236 1982 383 2062 primum
413 1983 480 2047 nisi
510 1984 546 2047 in
577 1982 761 2065 Syuagogis
784 1982 852 2066 (13,
879 1984 926 2063 6);
952 1984 1053 2063 atque
1076 1982 1153 2046 hinc
1176 1980 1255 2046 Am-

122 2086 234 2166 phipoli
264 2091 299 2154 et
331 2087 524 2169 Apolloniae
554 2106 622 2153 non
646 2088 841 2153 substitisse
863 2089 1004 2170 videtur,
1029 2088 1187 2169 quoniam
1210 2086 1255 2151 ibi

120 2191 219 2257 nullae
249 2189 443 2276 synagogae
473 2198 570 2260 erant
593 2195 645 2271 (61.
672 2195 722 2276 17,
751 2196 766 2258 1
791 2197 828 2259 et
852 2196 892 2272 2).
918 2194 1033 2258 Manet
1056 2194 1176 2274 Paphi,
1200 2193 1255 2258 ubi

118 2297 324 2364 vehementer
346 2300 527 2365 admodum
550 2317 727 2380 aggressus
749 2303 804 2366 est
822 2300 978 2383 Elymam
995 2300 1176 2380 Judaeum,
1199 2299 1256 2380 qui

122 2405 340 2482 proconsulem
372 2406 526 2486 cupiebat
557 2424 578 2471 a
601 2407 664 2473 fide
687 2409 851 2472 avertere.
873 2407 994 2472 Itidem
1018 2406 1163 2470 Athenis
1190 2405 1254 2490 „in-

117 2509 274 2575 citabatur
306 2510 445 2593 spiritus
475 2515 549 2595 ejus
571 2514 606 2578 in
629 2514 716 2596 ipse,
742 2513 861 2578 videns
885 2512 1084 2578 idololatriae
1107 2511 1256 2576 deditam

118 2615 303 2684 civitatem'
347 2620 411 2701 (17,
449 2619 514 2705 16).
560 2620 672 2686 Oratio
708 2622 840 2701 autem,
877 2636 942 2701 qua
977 2618 1102 2685 Paulus
1135 2617 1251 2701 utitur,
1379 2596 1389 2618 ’

117 2724 205 2789 valde
235 2726 403 2791 concitata
425 2729 461 2791 et
484 2728 643 2792 iracunda
665 2729 727 2792 est.
754 2728 855 2792 Miser
878 2726 1025 2791 Judaeus
1049 2724 1116 2809 (13,
1142 2723 1176 2809 6)
1200 2742 1254 2805 err-

115 2830 254 2907 agitatur
284 2834 448 2913 tanquam
475 2832 593 2914 plenus
615 2834 706 2898 omui
728 2832 801 2898 dolo
824 2836 859 2898 61
883 2832 974 2897 omni
997 2831 1140 2914 fallacia,
1166 2830 1254 2894 filius

114 2934 224 3001 diaboli
246 2940 283 3003 et
306 2938 463 3003 inimicus
486 2940 597 3004 omnis
614 2939 786 3021 justitiae,
809 2940 844 3003 et
863 2938 959 3018 quasi
979 2954 1045 3001 non
1065 2936 1149 3001 satis
1168 2935 1253 3000 foret

114 3043 261 3119 praesidii
295 3043 332 3107 iu
361 3044 494 3109 acribus
525 3044 699 3125 conviciiS,
730 3045 883 3110 devictus
914 3042 1126 3108 adversarius
1149 3041 1253 3107 oculis

112 3147 258 3227 privatus
282 3153 354 3231 est3
378 3169 443 3232 quo
466 3152 554 3216 16616
578 3153 800 3216 conturbatus
825 3147 999 3231 proconsul
1023 3147 1252 3233 „credidit-ad·
1302 3233 1304 3238 Ι

113 3253 233 3319 mirans
256 3272 356 3337 super
379 3258 529 3322 doctrina
552 3256 708 3321 Domini'
729 3256 796 3340 (13,
820 3255 885 3340 12).
910 3256 978 3320 Vix
998 3254 1111 3319 minus
1131 3254 1252 3319 durum

112 3358 185 3424 illud
206 3365 274 3445 est,
303 3364 354 3445 23,
381 3364 420 3428 3;
451 3363 638 3448 „Percutiet
661 3366 696 3428 te
718 3362 821 3446 Deus,
847 3362 956 3443 paries
979 3361 1161 3444 dealbate'',
1187 3377 1252 3441 quo

110 3465 258 3547 princeps
290 3467 493 3534 iudaeorum
524 3471 664 3534 senatus
695 3468 921 3551 compellatur,
954 3484 1160 3550 quorumque
1183 3483 1252 3531 ver·

112 3570 223 3637 borum
255 3574 440 3652 sgnificatio
469 3575 666 3639 describitur
690 3592 738 3640 vs.
767 3574 805 3639 5:
835 3575 1042 3661 „Principem
1065 3574 1178 3655 populi
1200 3574 1253 3638 tui

111 3693 170 3741 non
202 3680 409 3755 maledices'',
443 3682 532 3746 unde
554 3684 694 3762 apparet
717 3694 795 3746 eum
818 3697 933 3745 revera
956 3697 1024 3745 non
1047 3678 1252 3744 abstinuisse

111 3800 128 3846 a
161 3786 398 3870 „malediotis’'.
435 3787 557 3852 Itidem
580 3786 622 3851 ad
645 3786 805 3867 JudaeoS,
831 3787 889 3868 qui
913 3786 1062 3851 Corinthi
1085 3784 1115 3850 ei
1138 3785 1251 3849 adver-

112 3893 276 3975 sabantur,
300 3894 407 3972 magis
428 3894 573 3957 referens
593 3892 828 3957 nonnullorum
846 3895 1002 3958 veterum
1014 3890 1251 3970 prophetarum

111 3995 312 4064 iracundiam
343 4017 445 4080 quam
475 3998 556 4065 Jesu
577 3999 889 4075 mansuetudinem,
920 3996 1082 4082 „sanguis
1105 3994 1249 4078 vester'',

112 4100 232 4187 inquit,
263 4122 380 4190 „super
403 4108 505 4186 caput
528 4106 684 4170 vestrum
697 4104 764 4187 (18.
779 4104 823 4186 6).
843 4103 980 4182 καθαρὸς
1004 4102 1098 4179 ε’γώ”.
1124 4102 1251 4183 Nempe

112 4209 305 4288 quamcito.

152 4316 352 4382 Antiochiae
384 4319 420 4383 iu
451 4318 576 4383 Pisidia
599 4318 745 4398 primum
768 4315 997 4395 cognoscimus
1019 4316 1092 4397 ejus
1116 4314 1251 4381 docendi

112 4422 303 4488 methodum
329 4422 395 4508 (13,
424 4426 465 4489 16
489 4422 584 4509 squ).
609 4424 720 4490 Verba
742 4424 824 4489 16611
846 4424 887 4488 ad
908 4422 1050 4488 ludaeos
1069 4424 1105 4487 et
1124 4423 1165 4487 ad
1183 4440 1249 4504 eos,

113 4528 162 4606 qui
193 4528 301 4594 Deum
331 4533 505 4614 metuunt,
532 4531 573 4595 ad
597 4546 680 4610 quos
703 4530 845 4595 verbum
869 4528 989 4594 salutis
1011 4527 1156 4593 missum
1178 4545 1252 4594 esse
