3192 5325
907 523 949 587 72

356 702 508 778 ὑπομένει.
545 705 647 786 quue
678 705 879 788 affirmatur,
914 708 1093 788 postquam
1115 723 1167 772 vs.
1193 708 1231 788 2,
1257 706 1308 772 uti
1331 707 1494 788 diximus,

354 809 508 875 omnium
540 811 700 876 bonorum
732 811 922 877 distributio
954 814 990 876 et
1015 829 1149 878 summa
1182 813 1218 878 in
1242 812 1334 878 vitae
1358 812 1496 894 periculo

354 915 505 982 adeundo
530 918 719 982 constantia
742 921 777 982 et
801 918 870 983 Deo
900 919 1136 999 probatissima
1158 920 1240 985 fides
1263 920 1380 986 adesse
1402 935 1497 1000 posse

352 1021 446 1086 visae
475 1025 575 1104 sunt,
600 1024 735 1089 etiamsi
758 1025 881 1090 caritas
904 1041 1041 1106 prorsus
1063 1025 1203 1091 deficiat.
1236 1026 1354 1113 Nonne
1378 1025 1496 1091 dixeris

353 1129 550 1209 scriptorem
574 1130 708 1195 caritati
731 1131 936 1196 substituere
960 1129 1105 1197 voluisse
1125 1149 1200 1197 earn
1220 1132 1326 1197 animi
1345 1147 1497 1198 mansue·

348 1236 503 1301 tudinem
526 1240 562 1302 et
585 1237 782 1320 χρηςότητα,
808 1255 892 1320 quae
916 1238 1169 1304 commendatur
1192 1238 1263 1304 Gal.
1290 1241 1325 1321 5,
1352 1240 1421 1304 22?

396 1343 489 1408 Haec
512 1347 629 1409 autem
653 1345 776 1409 caritas
801 1343 921 1408 dicitur
941 1343 1083 1406 οὐδέποτε
1097 1345 1233 1409 πίπτειν.
1256 1345 1494 1411 Hoccineaffir·

352 1451 467 1513 matur
497 1450 537 1515 de
572 1449 642 1515 sola
664 1451 829 1516 caritate?
854 1451 909 1516 An
933 1451 973 1514 de
995 1452 1150 1516 omnibus
1173 1454 1288 1534 rebus,
1313 1470 1398 1533 quas
1421 1451 1495 1517 cari-

351 1558 406 1619 tas
429 1555 536 1621 veluti
559 1556 792 1622 consecravit?
823 1555 887 1622 Sed
912 1556 1069 1638 scientia,
1094 1557 1194 1638 fideS,
1216 1575 1372 1638 spesnon
1385 1558 1495 1622 minus

351 1662 439 1727 fiunt
470 1658 694 1742 sempiternae
721 1665 756 1726 et
787 1662 966 1728 duraturae
990 1680 1093 1743 quam
1115 1663 1188 1744 ipsa
1211 1664 1333 1730 caritas
1355 1667 1392 1729 et
1415 1679 1495 1744 quae

353 1769 423 1833 sola
444 1769 581 1833 laudata
604 1768 730 1851 iuerat,
756 1786 825 1833 uss.
854 1770 956 1853 1-3,
983 1787 1061 1834 curn
1073 1769 1197 1835 diserta
1209 1770 1496 1850 praetermissione

351 1875 443 1958 fidei,
472 1892 572 1957 quae,
603 1875 762 1956 quamdiu
785 1875 937 1940 caritatis
959 1891 1078 1957 expers
1101 1878 1171 1959 est,
1196 1875 1366 1942 cadaveris
1389 1876 1495 1941 instar

351 1985 406 2050 est
429 1981 596 2063 habenda,
621 1984 735 2046 tamen
759 1999 811 2046 vs.
839 1983 879 2046 13
901 1983 974 2065 jam
997 1983 1082 2047 satis
1105 1984 1263 2048 contenta
1285 1999 1361 2048 esse
1382 1982 1493 2064 debet,

352 2087 438 2169 quod
460 2088 595 2168 reliquis
618 2086 682 2152 illis
705 2089 945 2168 pronunciatur
967 2104 1042 2153 esse
1066 2085 1185 2167 μείζων,
1406 2078 1410 2084 ’

398 2191 554 2258 Sensitne
584 2192 726 2274 scriptor
748 2210 785 2258 se
817 2193 993 2258 materiem
1024 2195 1186 2260 sumsisse
1201 2185 1272 2259 'non
1295 2194 1494 2275 1111111111-

353 2301 452 2367 tam?
480 2300 656 2382 Hymnum
680 2299 965 2367 0110101101111110
989 2301 1139 2383 videtur,
1165 2301 1222 2365 sed
1238 2300 1406 2366 anhelans
1429 2300 1493 2364 des-

344 2407 501 2474 tituitur.
532 2405 624 2486 Quod
647 2405 786 2470 unicum
809 2404 922 2471 lumen
947 2423 1124 2472 accensum
1147 2407 1274 2488 fuerat,
1300 2409 1493 2472 obscuratur

353 2513 426 2578 aliis
457 2510 656 2592 luminibus,
689 2514 816 2577 temere
851 2513 996 2579 collectis
1027 2531 1070 2580 ex
1104 2517 1260 2579 notorum
1290 2511 1493 2592 χαρισμάτων

353 2620 509 2685 numero!
543 2617 653 2685 Verbo
676 2620 786 2684 totam
805 2635 878 2685 rem
901 2621 941 2685 ut
964 2620 1301 2711 comprehendamus,
1326 2637 1394 2686 non
1416 2619 1493 2685 adeo

352 2727 523 2808 adjectum
545 2726 680 2790 videtur
702 2742 772 2807 cap.
801 2726 859 2800 13,
883 2728 923 2790 ut
947 2726 1069 2791 caritas
1089 2727 1324 2809 celebraretur,
1346 2729 1494 2808 quamut

354 2833 527 2916 prophetia
554 2835 590 2896 et
612 2831 797 2911 glossulalia
822 2831 1085 2912 deprimerentur
1107 2835 1270 2914 tanquam
1293 2832 1492 2915 χαρίσματα,

353 2958 437 3022 quae
460 2940 605 3004 Ecclesia
628 2941 704 3003 tuto
726 2938 891 3017 negligere
913 2942 1036 3020 posset.

399 3046 531 3111 Scilicet
553 3046 594 3111 iit
617 3061 725 3111 sermo
748 3044 789 3109 de
807 3044 921 3109 futura
944 3045 1108 3111 Ecclesiae
1127 3046 1326 3112 conditione.
1340 3043 1494 3109 οὐδέποτε

355 3154 481 3235 πίπτει,
507 3154 547 3216 ut
565 3150 661 3216 nobis
683 3151 818 3231 quidem
841 3150 984 3233 uidetur,
1010 3151 1193 3230 significat:
1217 3169 1403 3235 numquam
1425 3169 1493 3217 con·
1583 3135 1587 3222 '5

355 3260 453 3325 cidet.
485 3256 637 3337 Etenim,
671 3256 701 3321 si
724 3256 807 3321 fides
829 3259 864 3321 et
887 3273 963 3338 spes
987 3274 1030 3322 ex
1053 3258 1126 3339 ipsa
1148 3260 1196 3323 rei
1216 3262 1339 3325 natura
1362 3258 1493 3323 circum·

356 3366 549 3431 scribuntur
568 3363 630 3428 hac
652 3363 821 3443 praesenti
843 3379 880 3427 ao
898 3363 1050 3429 terrestri
1073 3364 1162 3445 vita,
1186 3364 1325 3430 minime
1349 3364 1505 3445 sequitur

357 3471 553 3552 scriptorem
580 3468 711 3533 tradere
742 3468 904 3551 voluisse,
929 3470 1105 3534 0111111011
1127 3486 1202 3535 0110
1225 3474 1415 3547 aeternam,
1438 3485 1494 3534 uec

268 3591 270 3594 ·
360 3592 440 3642 sane
471 3576 578 3640 facere
608 3574 670 3639 hoc
693 3574 820 3657 potuit,
847 3574 875 3639 si
898 3574 1031 3655 quidem
1054 3592 1094 3640 ea
1116 3576 1239 3643 caritas
1262 3594 1283 3643 a
1305 3578 1493 3643 mansuetu-

356 3684 433 3748 dine
455 3684 491 3747 et
514 3679 677 3762 patientia
699 3679 781 3744 nihil
804 3681 970 3762 discrepat
983 3662 1019 3765 s).

371 3866 374 3871 .
402 3788 486 3869 Quid
506 3786 584 3851 olim
607 3786 770 3865 scriptum
793 3786 912 3867 1110111,
937 3787 1096 3869 conjicere
1118 3790 1373 3870 quodammodo,
1386 3805 1493 3872 possu-

357 3912 436 3960 mus
466 3910 527 3974 ope
558 3909 719 3957 versuum
755 3891 856 3976 1-3,
889 3893 1004 3959 deinde
1040 3894 1165 3959 Paulus
1196 3895 1394 3978 Episcopus,
1427 3895 1493 3961 aliis

357 3999 556 4083 quibusdam
586 3998 797 4081 substitutis,
830 4002 931 4081 caput
965 3999 1005 4063 13
1027 4000 1201 4081 adaptavit
1224 4002 1266 4066 ad
1289 4018 1387 4067 suam
1409 4000 1493 4067 Ethi-

358 4123 449 4187 cam,
482 4120 566 4184 quae
593 4104 722 4185 proprio
743 4121 847 4170 sensu
870 4104 1057 4171 Christiana
1082 4109 1163 4172 erat.
1195 4107 1304 4173 Nimis
1335 4109 1445 4174 audax
1464 4107 1493 4171 ei

388 4376 413 4435 l)
428 4374 546 4423 Futurum
568 4371 663 4422 τέλειον
686 4373 732 4439 ipsi
748 4374 860 4439 scriptori
874 4372 925 4435 jam
943 4375 1051 4435 advenit,
1069 4375 1197 4425 lectoribus
1214 4378 1319 4427 nondum
1337 4380 1410 4429 adest.
1426 4378 1490 4427 Unde

266 4458 268 4462 '
363 4455 493 4522 praesentis
510 4458 534 4504 et
550 4456 626 4503 futuri
642 4456 756 4520 temporis
772 4456 931 4520 permutatio:
947 4472 980 4505 vs.
991 4458 1021 4505 11
1040 4454 1185 4521 κατήργηκα
1193 4463 1217 4509 01
1229 4474 1263 4510 vs.
1274 4461 1305 4509 18
1315 4460 1365 4509 νυνὶ
1373 4458 1488 4523 διαμένει,

362 4538 403 4587 sed
420 4553 454 4588 vs.
472 4538 503 4585 10
520 4533 742 4599 καταρῃθῆαεται.
