3192 5325
508 544 685 609 ·71

107 725 194 808 tiam,
213 727 400 811 perfectam
418 726 637 809 prophetiam.
659 727 835 794 consentit
856 727 998 808 scriptor
1014 728 1145 810 justam
1163 743 1239 792 eam

105 849 170 898 6666
191 836 437 902 conclusionem
459 836 545 917 quod
568 836 611 901 ad
635 835 813 901 scientiam
832 837 973 918 attinet;
995 835 1053 901 sed
1073 851 1133 899 cur
1150 834 1239 928 idem

105 940 208 1007 ninus
231 943 327 1025 plene
350 941 460 1009 valere
483 943 672 1009 censebitur
690 942 731 1008 de
743 943 917 1024 prophetia
929 945 964 1006 61
976 943 1016 1008 16
1028 939 1238 1020 glossolalia?

105 1045 193 1112 6116
223 1066 322 1114 omne
353 1049 528 1131 aliquando
560 1050 720 1130 cessabit,
752 1049 839 1128 quod
872 1065 915 1113 611
946 1049 1041 1130 parte
1071 1048 1140 1130 est,
1166 1046 1239 1128 ipsa

104 1155 198 1220 etiam
215 1157 338 1222 6611166
361 1156 463 1223 simul
483 1156 635 1222 cessabit.
660 1156 704 1219 Et
728 1154 869 1236 scriptor
888 1155 975 1236 ipse,
988 1153 1237 1235 quamdiunon·

105 1260 175 1325 dum
205 1262 276 1344 ipse
306 1266 435 1328 metam
467 1262 597 1345 attigit,
630 1261 793 1342 quomodo
823 1277 922 1325 nosse
950 1262 1061 1341 potest
1083 1259 1161 1340 quid
1184 1259 1238 1328 ali·

104 1368 223 1445 quando
250 1371 462 1435 cessaturum
484 1369 531 1434 611
553 1368 607 1434 vel
630 1367 708 1449 quid
732 1384 932 1434 mansurum
954 1372 1046 1443 lnam
1064 1367 1238 1432 11612161

104 1489 147 1538 vs.
172 1474 224 1538 126
246 1475 373 1542 trustra
396 1476 559 1557 explicare
582 1474 772 1558 tentabis)?
795 1474 857 1540 Vs.
884 1474 926 1539 13
950 1472 1128 1537 discrimen
1151 1472 1237 1554 quod

104 1580 255 1646 statuitur
279 1583 430 1648 interea
452 1600 537 1663 quae
560 1582 789 1664 praeteribunt
812 1582 847 1646 61
870 1595 1015 1660 eaquae
1033 1580 1234 1668 manebunt,

103 1686 217 1752 nullam
246 1688 401 1756 idoneam
430 1707 569 1755 causam
598 1688 711 1753 habet.
743 1686 867 1752 Eodem
895 1687 971 1769 jnre
1001 1685 1141 1750 scribere
1161 1684 1237 1765 quis

103 1792 214 1870 possit:
233 1791 296 1858 εἴτε
316 1794 417 1878 alere,
440 1792 503 1859 εἴτε
528 1794 636 1871 ἐλπίς,
658 1791 719 1857 εἴτε
739 1790 870 1876 apaten,
893 1792 1179 1869 καταργηθήσεται·
1201 1791 1235 1854 ἐκ

102 1895 197 1976 μέρους
226 1902 291 1980 γὰρ
322 1899 488 1977 τιςεύομει
520 1900 572 1964 καὶ
606 1901 638 1964 εἰι
671 1899 778 1978 μέρους
805 1897 970 1980 ἐλπίζομεν
994 1897 1046 1962 καὶ
1071 1897 1105 1960 ἐκ
1127 1895 1234 1976 μέρους

103 2003 275 2084 ἆγοτῶμεν.
299 2009 345 2075 lit
368 2010 556 2076 secundum
579 2027 681 2091 quam
701 2025 856 2074 normam
879 2003 993 2083 etet„
1018 2003 1234 2084 6111μ61ζον,

103 2110 129 2174 61
148 2113 226 2179 fides
249 2117 285 2180 61
308 2132 385 2197 spes
407 2132 512 2197 aeque
535 2116 714 2181 duraturae
738 2114 846 2179 sunt?

141 2217 258 2286 Omnes
281 2221 344 2288 hae
366 2222 426 2287 vix
450 2222 652 2302 superabiles
675 2221 891 2287 difficultates
914 2222 1005 2285 ortae
1023 2218 1234 2284 videnturex

103 2327 326 2394 retractatione
349 2328 470 2410 capitis
495 2327 554 2412 13,
580 2328 666 2393 unde
689 2328 818 2393 factum
841 2329 894 2392 est
916 2328 957 2391 ut
974 2325 1069 2392 hodie
1090 2325 1151 2390 vix
1169 2324 1233 2404 dig·
1294 2379 1298 2388 .

103 2446 269 2499 noscamus
299 2434 378 2514 quid
396 2435 538 2517 scriptor
560 2434 638 2499 olim
661 2434 888 2499 demonstrare
911 2431 1063 2498 voluerit.
1087 2430 1232 2512 Appare-

102 2535 145 2601 bit
163 2539 237 2622 hoc,
264 2540 294 2606 si
316 2541 465 2620 singulas
489 2541 609 2622 capitis
633 2543 745 2623 partes
768 2537 1046 2620 separaverimus.
1275 2613 1276 2618 ¹

140 2643 211 2711 Vss.
238 2647 325 2712 1-3
348 2647 537 2715 ostenditur
560 2647 711 2731 capitatis
734 2646 880 2729 pretium
892 2662 965 2711 6666
977 2643 1231 2713 inaestimabile.

127 2751 211 2819 'Vss
243 2755 332 2819 4-7-
361 2772 401 2820 ea
430 2756 554 2821 caritas
577 2754 792 2835 describitur,
819 2753 876 2819 sed
900 2752 1090 2834 quomodo?
1124 2752 1233 2818 Ooties

101 2856 275 2925 affirmatur
310 2879 378 2927 non
400 2863 507 2927 facere
528 2860 705 2927 caritatem
728 2861 779 2941 id,
804 2859 890 2940 quod
914 2876 1012 2924 nemo
1036 2875 1140 2925 sanus
1162 2876 1232 2923 um·
1316 2928 1320 2936 ,

102 2978 190 3042 quam
212 2967 396 3033 ecaritate
418 2966 683 3049 exspectaverim
708 2966 825 3031 deinde
847 2965 994 3047 quinque
1014 2967 1094 3030 sunt
1114 2964 1149 3029 in
1161 2964 1229 3046 qui·

102 3068 154 3135 bus
173 3072 226 3137 vis
248 3073 400 3139 caritatis
424 3075 586 3156 cernitur,
612 3074 670 3139 sed
694 3074 815 3137 horum
834 3071 982 3154 primum
1000 3074 1035 3135 61
1046 3071 1232 3137 secundum

102 3178 221 3244 omnino
253 3197 320 3246 non
351 3176 583 3261 intelligimus
616 3179 757 3244 tertium
786 3180 822 3243 61
848 3180 1007 3258 quartum
1030 3177 1231 3257 aenigmatis

101 3281 192 3349 instar
221 3289 319 3367 sunt;
352 3287 469 3368 quinto
502 3287 571 3352 loco
594 3289 711 3351 autem
735 3286 858 3351 caritas
881 3284 1076 3367 simpliciter
1099 3284 1231 3365 patiens

100 3404 162 3455 esse
183 3391 312 3459 dicitur.

137 3497 208 3564 Vss.
242 3500 347 3582 1-3,
380 3501 420 3564 ut
450 3498 550 3565 libero
573 3498 740 3580 dicamus,
766 3498 894 3563 nimius
917 3498 997 3563 vani
1020 3496 1229 3580 promissoris

100 3599 198 3669 1161116
229 3609 292 3671 est.
323 3606 407 3687 Quid
432 3594 795 3687 Ι61111116661111111166.
821 3604 1229 3671 4-1111611666111166

100 3724 167 3774 suas
200 3711 376 3777 facultates
402 3712 492 3777 inter
514 3728 677 3793 pauperes
701 3711 950 3776 distribuendas
973 3709 1140 3785 dederint,
1164 3713 1228 3774 tra-

100 3812 228 3882 diderint
243 3817 299 3883 alii
317 3836 436 3899 corpus
455 3835 556 3883 suum
579 3817 841 3883 comburendum
860 3815 931 3899 (sed
942 3819 995 3881 est
1006 3817 1228 3897 parumoerta

100 3917 201 4000 lectio),
231 3925 412 4005 prophetae
443 3924 555 3989 diviua
582 3923 746 4006 mysteria
767 3922 869 3989 locuti
894 3922 1034 3987 tuerint:
1056 3922 1089 3987 id
1113 3924 1228 3989 tamon
1268 3996 1269 4001 ,

102 4021 135 4089 iis
161 4026 268 4095 deesse
295 4031 423 4113 potest,
449 4029 535 4111 quod
559 4029 668 4095 solum
691 4028 778 4110 apud
802 4027 910 4094 Deum
933 4027 1039 4109 pretio
1062 4031 1227 4094 censetur.

138 4131 214 4213 Qud
235 4135 374 4200 tandem
396 4134 475 4200 illud
497 4134 735 4201 6613061166.
757 4134 841 4215 Quid
860 4132 971 4199 rerum
990 4132 1228 4213 agittsoilicet

103 4240 293 4319 μακροθυμεῖ,
314 4240 519 4319 materterae,
545 4242 577 4305 οὐ
601 4239 705 4324 ζηλοῖ,
729 4240 762 4305 οὐ
786 4237 1024 4319 ιιεριιερεύεται.1
1046 4240 1079 4304 οὐ
1103 4243 1226 4319 φυσιοῦ-

102 4363 162 4421 ται,
181 4346 231 4410 οὐκ
254 4348 448 4427 ἀσχημονεῖ,
471 4349 505 4413 οὐ
528 4346 617 4428 ζητεῖ
637 4345 671 4410 τὸ
691 4348 735 4425 μὴ
760 4346 889 4423 ἑαυτῆς,
906 4348 937 4411 οὐ
951 4342 1175 4425 παροξύνεται,
1192 4347 1225 4410 οὐ

102 4450 244 4533 λογίζεται
277 4454 312 4519 τὸ
337 4459 450 4539 κακόν,
476 4457 508 4521 οὐ
532 4455 635 4535 χαίρει
660 4452 918 4538 1616611616,
944 4451 1108 4533 ουμχαίρει
1134 4450 1164 4517 u
1187 4461 1225 4533 τῇ

104 4553 233 4645 dietrice,
265 4558 373 4625 τοὶιτα
403 4560 510 4639 τέμει,
536 4560 643 4626 πάντα
660 4561 803 4645 ,teretem
828 4559 935 4625 τοέντα
958 4558 1093 4641 ἐλπίζει,
1118 4556 1225 4622 πάντα
