3192 5325
688 1405 862 1497 CAPUT
901 1407 1191 1499 SEPTIMUM.

314 1598 317 1602 '
454 1588 510 1662 DE
532 1588 664 1662 PAULI
686 1588 871 1663 INGENIO
893 1589 943 1663 IN
965 1589 1087 1664 loris
1109 1588 1446 1694 Arosrotouurl„

860 1849 1030 1858 ———-—-.-

408 2064 576 2130 Mittimus
607 2084 763 2147 quaerere
785 2085 871 2148 quae
893 2069 975 2134 fides
1000 2068 1046 2133 sit
1069 2067 1143 2132 libri
1166 2084 1231 2147 quo
1254 2065 1344 2131 Acta
1366 2065 1499 2146 Aposto-

360 2168 468 2235 lorum
502 2171 734 2254 continentur,
771 2173 829 2237 sed
863 2175 960 2239 unice
995 2173 1091 2239 nobis
1113 2171 1322 2253 propositum
1345 2174 1398 2236 est
1418 2171 1498 2235 locos

360 2275 523 2358 colligere,
548 2279 671 2358 quibus
694 2277 787 2343 Pauli
811 2281 983 2358 ingenium
1006 2279 1205 2360 depingitur.

405 2384 529 2450 Paulus
552 2382 746 2449 adulescens
770 2383 814 2468 (7,
841 2384 895 2460 58)
919 2386 955 2450 in
977 2385 1093 2452 litibus
1116 2402 1200 2466 quae
1223 2387 1320 2449 erant
1342 2384 1429 2449 inter
1448 2384 1495 2447 Ju-

359 2490 457 2555 daeos
480 2493 516 2555 et
540 2490 745 2556 Christianos
768 2491 937 2556 nullarum
959 2492 1106 2572 partium
1130 2508 1204 2556 esse
1225 2490 1348 2571 noluit;
1370 2489 1449 2570 quin
1465 2489 1495 2550 et

358 2597 394 2660 in
428 2598 675 2679 persecutiones
705 2597 971 2666 Christianorum
1002 2615 1135 2680 operam
1166 2614 1265 2662 suam
1288 2596 1495 2662 vehementer
1571 2589 1572 2592 ’

357 2705 501 2769 contulit
535 2704 579 2787 (9,
613 2705 655 2788 1).
691 2704 755 2771 Sed
785 2705 906 2771 intimo
937 2709 1070 2787 pectore
1094 2705 1199 2771 sentit
1222 2722 1259 2770 se
1282 2705 1318 2769 in
1341 2705 1410 2770 dies
1433 2718 1493 2767 ma·

356 2810 408 2888 gis
443 2810 576 2876 incitari
607 2813 647 2876 ut
677 2813 830 2877 animum
860 2813 1002 2894 applicet
1031 2812 1073 2878 ad
1103 2829 1160 2877 eos
1189 2828 1272 2893 quos
1295 2810 1494 2892 persequitur

357 2913 400 2998 (9,
428 2919 468 2993 5).
494 2917 629 2999 Anceps
651 2917 767 2983 haeret
790 2921 826 2984 et
848 2919 956 2984 nescit
979 2918 1057 2999 quid
1079 2920 1175 2999 agat,
1196 2918 1299 2982 donec
1315 2918 1413 2983 lesus
1431 2917 1492 2996 ipse

355 3021 396 3085 de
426 3024 514 3089 coelo
545 3023 730 3108 descendit,
759 3028 800 3089 ut
823 3024 854 3089 ei
876 3027 1036 3106 appareat
1061 3022 1103 3107 (9,
1131 3024 1150 3087 3
1176 3024 1271 3107 sqq).
1297 3023 1493 3105 Auspicatur
1567 3040 1568 3074 1

355 3127 509 3194 futurum
542 3130 634 3195 vitae
665 3147 802 3195 cursum
830 3130 956 3212 jeJ'unio
987 3130 1091 3194 trium
1120 3130 1266 3212 dierum,
1289 3147 1373 3209 quos
1395 3143 1492 3210 preca·
1566 3138 1567 3177 1

354 3234 503 3300 tionibus
533 3236 720 3318 consumit,
753 3237 812 3301 sed
843 3240 904 3302 hoc
935 3240 1070 3316 tempus
1101 3236 1243 3301 vixdum
1274 3234 1443 3316 praeteriit
1463 3232 1492 3295 et
1565 3240 1566 3280 l

354 3341 546 3421 baptizatus
580 3344 633 3406 est
662 3340 707 3423 (9,
744 3343 806 3419 18).
842 3342 963 3407 Itidem
986 3341 1047 3405 vix
1070 3339 1229 3422 pauculos
1252 3339 1324 3406 dies
1348 3335 1490 3404 Damasci
1563 3422 1564 3433 ἵ

353 3463 431 3511 oum
454 3447 654 3512 Christianis
677 3464 746 3512 una
769 3447 836 3512 fuit
859 3450 895 3512 et
916 3447 1026 3527 prodit
1047 3448 1083 3511 in
1104 3446 1311 3529 synagogae,
1333 3440 1489 3509 111011111-

354 3554 430 3616 tum
453 3552 514 3617 Dei
536 3553 643 3617 filium
666 3570 740 3617 esse
763 3553 929 3634 praedicet
952 3552 997 3637 (9,
1024 3554 1083 3634 203
1110 3553 1175 3630 22).

399 3658 462 3739 Qui
491 3661 686 3739 persecutus
716 3658 838 3740 iuerat,
871 3659 961 3724 hunc
992 3676 1072 3724 mox
1094 3658 1150 3724 alii
1173 3660 1418 3739 persequuntur
1438 3656 1487 3719 ita·

352 3781 416 3845 que
447 3763 596 3843 confligit
626 3763 874 3847 Hierosolyma,
900 3766 958 3830 ubi
981 3766 1135 3830 Bernaba
1157 3765 1383 3830 intercedente
1406 3759 1487 3827 disci-

351 3869 447 3950 pulos
466 3870 537 3935 adit
556 3872 598 3951 (9,
621 3871 663 3934 23
684 3870 768 3953 sqq.)
788 3870 970 3952 itidemque
989 3871 1133 3935 Judaeos
1153 3870 1210 3951 qui
1230 3870 1364 3952 quidem
1375 3869 1486 3934 Graeca

352 3976 488 4040 natione
512 3978 609 4040 erant
632 3974 675 4059 (9,
703 3976 756 4051 28)
779 3992 904 4041 novam
926 3977 1027 4041 fidem
1051 3976 1164 4041 docere
1187 3976 1304 4056 coepit.

396 4082 460 4145 Hic
483 4098 612 4162 quoque
635 4083 849 4147 intentantur
871 4081 1134 4165 persecutiones,
1160 4082 1280 4164 quibus
1306 4098 1373 4148 non
1393 4076 1486 4157 magis

351 4204 453 4267 quam
484 4186 637 4253 Damasci
661 4188 790 4254 resistit
813 4191 848 4252 et
872 4187 1031 4253 iratribus
1055 4187 1333 4269 prosequentibus
1357 4184 1484 4269 proficis·

351 4293 439 4358 citur
472 4291 684 4374 Caesaream
717 4294 796 4374 quin
821 4296 856 4359 et
882 4293 1024 4358 Tarsum
1047 4309 1083 4357 se
1107 4293 1235 4358 dimitti
1257 4294 1354 4375 jubet
1374 4294 1415 4376 (9,
1439 4288 1482 4361 30)

349 4415 489 4479 eamque
509 4398 624 4463 urbem
641 4417 708 4464 non
729 4401 847 4480 sponte
868 4399 1044 4480 relinquit,
1065 4399 1123 4464 sed
1139 4398 1311 4465 Barnabae
1323 4410 1479 4481 persuasu,

347 4505 406 4587 qui
428 4522 507 4569 eum
529 4505 743 4570 Antiochiam
770 4504 967 4591 „perduxit”
991 4504 1060 4589 (11,
1088 4506 1153 4588 25).

394 4611 576 4692 Hucusque
610 4611 722 4675 virum
752 4611 984 4694 cognovimus,
1019 4610 1167 4691 primum
1197 4612 1256 4692 qui
1279 4630 1402 4679 novam
1422 4621 1478 4690 per-
