3192 5325
685 590 703 651 7

120 768 290 835 dicamus:
323 772 393 839 dics
423 792 474 839 vs.
508 776 527 839 2
554 775 706 840 diversus
736 775 778 839 ab
802 776 855 839 dte
877 792 928 839 vs.
954 776 973 838 4
998 774 1151 853 idemque
1173 771 1265 835 valet

119 876 161 941 de
180 878 268 958 fure.
291 879 387 947 Unde
407 881 571 946 efficimus
591 899 658 946 vss.
684 883 703 945 2
724 900 772 963 sq.
793 882 1040 960 conglutinatos
1059 878 1163 943 fuisse
1186 894 1265 941 cum

118 1000 189 1047 vss.
220 986 324 1070 4-9,
351 988 443 1053 nulla
466 987 529 1053 alia
553 989 594 1053 de
616 1006 716 1054 causa
739 988 807 1053 nisi
829 988 915 1069 quod
939 986 1114 1067 utrobique
1137 984 1207 1047 dies
1228 985 1265 1046 et

116 1089 182 1170 sur
205 1090 290 1157 forte
313 1096 590 1159 memorarentur.

165 1196 225 1261 Vs.
258 1199 385 1265 decimo
416 1203 567 1281 proxime
597 1203 827 1283 praecedentia
849 1219 915 1266 non
939 1200 1178 1283 respiciuntur,
1206 1196 1263 1259 sed

118 1303 152 1377 4,
179 1304 218 1369 17
244 1306 366 1385 potius.
402 1306 442 1371 In
468 1308 497 1388 5,
523 1310 543 1373 6
569 1310 784 1389 opponuntur
808 1308 949 1373 dormire
972 1309 1008 1371 et
1030 1304 1184 1383 vigilare:
1209 1301 1263 1366 Vi-

116 1408 276 1490 glomus,
301 1412 427 1496 inquit,
452 1430 495 1479 ne
519 1414 734 1479 dormiamus.
759 1414 819 1478 Vs.
848 1415 889 1477 10
908 1416 1024 1478 contra
1042 1410 1125 1476 nihil
1144 1408 1264 1473 referre

115 1513 253 1580 videtur
275 1517 522 1583 dormiamusne
544 1536 589 1584 an
614 1518 799 1598 vigilemus.
820 1520 879 1585 Vs.
900 1522 921 1584 6
941 1519 1083 1583 dormire
1103 1516 1191 1580 idem
1211 1516 1264 1577 est

114 1620 204 1701 quod
223 1623 351 1688 ebrium
370 1642 460 1705 esse;
482 1625 618 1705 vigilare
638 1626 727 1690 idem
746 1628 833 1707 quod
851 1628 1021 1691 armatum
1038 1639 1121 1689 esse.
1143 1621 1203 1685 Vs.
1221 1620 1262 1683 10

115 1727 260 1793 dormire
290 1730 379 1795 idem
409 1735 462 1796 est
492 1733 577 1813 quod
605 1733 768 1806 κοιμᾶσθαι
794 1732 848 1815 (4,
877 1733 931 1815 13)
956 1736 991 1797 11
1014 1729 1150 1808 vigilare
1173 1727 1262 1791 idem

113 1834 203 1914 quod
228 1832 290 1911 ζῆν.
323 1836 490 1917 Quomodo
515 1856 689 1921 suprave.
716 1840 752 1923 4,
777 1841 893 1905 eodem
916 1840 1015 1904 modo
1036 1855 1088 1902 vs.
1114 1834 1261 1900 decimus

114 1939 157 2005 ad
189 1944 358 2022 superiora
389 1945 578 2026 adscriptus
603 1946 668 2010 tuit
691 1950 826 2027 propter
850 1947 924 2011 soni
946 1944 1123 2011 fortuitam
1145 1956 1261 2006 conve·

113 2047 288 2112 nientiam.
325 2050 402 2115 Alia
436 2051 476 2115 de
506 2052 567 2117 hoc
597 2069 715 2131 genere
746 2053 833 2118 inira
864 2054 1086 2130 offendemus;
1112 2049 1262 2113 redactor

113 2153 291 2234 conjunxit
310 2155 499 2235 fragmenta
518 2159 572 2223 vel
590 2162 762 2241 excerpta,
781 2160 818 2223 in
829 2159 950 2241 quibus
961 2160 1049 2224 idem
1061 2155 1260 2222 vocabulum

111 2258 199 2323 forte
218 2264 424 2345 recurrebat,
446 2265 625 2330 dummodo
649 2267 786 2331 auribus
810 2266 1008 2347 satisfieret,
1033 2263 1116 2329 nihil
1139 2278 1260 2326 curans

111 2365 288 2432 nominum
312 2369 559 2437 diversissimas
582 2372 821 2438 translationes
833 2369 869 2449 ¹).

159 2470 282 2538 Itidem
313 2477 526 2554 agnoscimus
552 2478 759 2543 reductorem
785 2482 822 2562 5,
852 2480 907 2561 11,
934 2479 990 2544 ubi
1013 2478 1179 2543 iterantur
1201 2492 1258 2557 11,

112 2595 198 2658 quae
219 2582 292 2664 jam
312 2582 550 2668 diotaerant4‚
569 2586 619 2649 18.
645 2586 759 2667 Atque
771 2586 824 2651 hic
837 2586 970 2668 quidem
982 2583 1167 2650 versiculus
1177 2585 1260 2648 bene

112 2701 149 2749 sc
184 2686 295 2753 habet.
329 2689 488 2770 Magnum
519 2691 640 2773 aliquid
671 2696 744 2757 erat
775 2695 862 2774 quod
892 2695 1032 2758 lectores
1064 2691 1261 2771 ignorabant

111 2791 226 2873 itaque
249 2795 390 2876 scriptor
412 2797 473 2862 hoc
497 2814 554 2862 eos
573 2799 688 2864 docere
708 2800 869 2864 instituit.
895 2799 986 2864 Nihil
1005 2801 1059 2863 111
1078 2815 1137 2863 cur
1148 2795 1261 2862 fideles

112 2899 232 2964 mortis
266 2901 452 2984 poeniteat,
487 2921 566 2968 narn
593 2904 771 2986 participes
794 2905 877 2970 fient
900 2905 1049 2985 ejusdem
1070 2901 1257 2981 felicitatis,

111 3005 210 3070 cuius
240 3011 375 3072 nosmet
405 3009 478 3090 ipsi.
512 3011 630 3091 Itaque
661 3011 742 3075 dum
773 3015 923 3076 mortuos
951 3010 1091 3089 lugetis,
1116 3008 1259 3074 consola-

110 3111 198 3176 mini
220 3113 365 3179 inuicem
385 3114 418 3179 in
438 3116 549 3181 verbis
568 3116 656 3181 istis.
679 3117 771 3180 Idem
791 3134 920 3198 quoque
935 3116 1096 3197 praecipit
1108 3114 1259 3179 redactor

112 3217 142 3297 5,
170 3219 227 3294 11,
248 3220 305 3284 sed
326 3221 607 3286 inconsiderantia
627 3221 706 3286 fecit
724 3226 765 3286 ut
779 3223 933 3288 adderet:
947 3222 1041 3290 cedde
1056 3220 1109 3283 καὶ
1123 3225 1257 3299 ποιεῖτε,

110 3340 210 3405 nam,
247 3326 277 3390 si
311 3327 372 3391 hoc
406 3327 595 3392 consolandi
629 3345 747 3407 genere
780 3328 919 3394 lectores
952 3329 1023 3410 jam
1057 3329 1255 3407 utebantur,

109 3431 266 3512 ineptum
291 3437 364 3498 erat
388 3435 528 3499 scribere
553 3435 582 3516 4,
611 3435 670 3498 13;
695 3436 727 3496 οὐ
754 3435 879 3508 111111
904 3433 985 3508 ὑμᾶς
1011 3435 1142 3510 ἀγνοεῖν.

155 3537 305 3616 Quatuor
328 3539 431 3619 igitur
455 3543 555 3623 sunt,
579 3557 664 3621 quae
689 3541 862 3620 hucusque
881 3542 1067 3606 obtinuisse
1087 3540 1256 3604 videmur:

156 3644 182 3708 1.
209 3644 452 3724 Fragmentum
475 3644 754 3725 eschatologicum
777 3647 911 3711 videtur
934 3646 1068 3727 quidem
1091 3645 1256 3726 pertinere

110 3751 153 3815 ab
178 3753 213 3833 4,
243 3751 283 3815 13
306 3754 477 3832 usquead
502 3756 536 3835 5,
564 3753 621 3835 11,
647 3753 705 3817 sed
724 3769 841 3818 revera
861 3756 943 3818 sunt
966 3756 1103 3818 tantum
1120 3769 1159 3817 eo
1178 3750 1256 3816 rei·

111 3935 299 3943 -—.--—·—

144 4053 172 4116 1)
192 4049 259 4099 Olim
281 4050 398 4114 Excerpta
416 4050 537 4098 interdum
553 4049 716 4113 &hiulcum
733 4049 829 4098 nornine
846 4049 1078 4098 circumferebantur.
1097 4049 1134 4097 Gi.
1154 4051 1181 4097 Δ.
1198 4049 1253 4096 Gel-

111 4134 159 4182 lius
187 4132 214 4181 in
236 4132 313 4181 Praei.
338 4133 408 4180 Noct.
431 4135 494 4180 Atta
518 4132 590 4180 Facta
612 4131 689 4193 igitur
712 4135 748 4180 est
770 4133 795 4180 in
813 4132 850 4180 his
868 4138 962 4196 quoquo
979 4130 1155 4180 commentariis
1172 4131 1254 4179 eadem

111 4231 194 4264 rerum
221 4214 378 4279 disparilitas.
404 4229 464 4278 quae
486 4214 533 4262 fuit
555 4213 580 4262 in
604 4213 653 4262 illis
676 4214 868 4263 annotationibus
891 4213 1047 4279 pristinis...
1073 4213 1118 4262 Sed
1140 4214 1253 4278 quoniam
1276 4235 1278 4239 ¹

109 4298 248 4362 longinquis
262 4313 304 4361 per
317 4297 420 4345 hiemem
435 4295 542 4345 noctibus
559 4297 584 4344 in
599 4312 669 4360 agro,
684 4296 754 4345 sicuti
769 4297 831 4354 dixi,
847 4301 926 4346 terrae
941 4299 1026 4347 atticae
1043 4298 1253 4347 commentationes

110 4380 180 4429 hasce
203 4379 285 4428 ludere
302 4395 328 4427 ac
346 4380 422 4428 lacere
440 4379 516 4428 exorsi
533 4395 625 4428 snmus:
641 4378 728 4427 idcirco
743 4395 781 4427 aas
795 4379 958 4444 inscripsimus
974 4381 1088 4430 Noctium
1104 4381 1251 4440 Atticarum,

111 4461 171 4510 nihil
198 4461 286 4510 imitati
310 4461 450 4510 festivitates
471 4461 666 4526 inscriptionum,
691 4477 749 4525 quas
764 4462 872 4527 plerique
894 4463 984 4512 elii...
1009 4464 1034 4512 in
1054 4464 1078 4513 id
1096 4481 1169 4527 genus
1185 4465 1252 4514 libris

111 4543 220 4592 iecerunt
230 4583 234 4592 .
245 4582 267 4592 ..
291 4545 401 4608 Namque
424 4544 465 4593 slii
488 4545 611 4592 Musarum
633 4543 817 4608 inscripserunt,
842 4545 883 4593 slii
900 4546 1031 4605 Siloamm,
1101 4563 1176 4611 neque
1193 4548 1252 4598 item

111 4640 159 4674 non
178 4617 233 4674 sunt
251 4627 292 4690 qui
310 4627 398 4676 indices
414 4627 482 4676 libris
498 4626 546 4674 suis
562 4626 670 4674 fecerunt
687 4630 728 4674 ant
745 4627 904 4690 Epistclmm
921 4629 1062 4687 Moralium,
1081 4633 1123 4678 eat
1139 4633 1184 4677 cet.
