3192 5325
910 465 929 531 2

337 656 551 737 descriptioni
569 656 686 723 deinde
706 657 895 723 addidimus
910 658 982 723 sine
995 658 1062 723 ulla
1074 661 1299 743 praejudicata
1311 662 1482 745 opinione,

337 763 496 845 quidquid
520 763 614 828 nobis
634 780 843 845 quacumque
861 764 901 828 de
920 782 1021 830 causa
1039 766 1327 833 animadversione
1345 768 1483 848 dignum

336 886 410 935 esse
440 869 618 935 videretur.
655 870 746 951 Quod
774 870 872 935 aliter
894 872 954 936 vix
976 872 1048 938 tleri
1070 874 1195 954 potuit,
1217 890 1260 939 ex
1283 891 1322 939 ea
1345 876 1483 956 descrip-

335 976 444 1058 tione,
477 994 579 1058 quam
613 978 808 1042 curavimus
841 978 879 1040 ut
908 994 1009 1057 quam
1041 978 1234 1043 fidelissima
1267 980 1352 1044 foret
1381 1017 1413 1025 -
1451 980 1484 1044 id

334 1086 424 1149 certe
444 1086 611 1165 praestare
632 1083 818 1157 voluimus,
837 1120 869 1129 -
888 1101 967 1148 mox
986 1084 1185 1150 devenimus
1203 1085 1245 1149 ad
1258 1086 1482 1168 suspiciones

334 1191 374 1256 de
397 1190 516 1272 quibus
540 1192 658 1270 utpote
681 1190 918 1255 verisimilibus
936 1191 1033 1271 aequi
1051 1191 1190 1256 lectores
1202 1193 1482 1273 pronunciabunt.

379 1297 496 1378 ltaque
519 1294 719 1377 opusculum
742 1300 896 1362 nostrum
915 1297 1069 1362 bifariam
1088 1297 1264 1363 dividitur:
1286 1299 1392 1365 altera
1404 1316 1482 1379 pars

333 1406 425 1470 certa
448 1404 542 1469 nobis
562 1404 636 1469 visa
658 1406 728 1481 est;
753 1403 789 1467 in
813 1402 917 1467 altera
941 1404 1030 1469 ultra
1052 1404 1356 1470 verisimilitudinis
1379 1422 1482 1485 quan·

332 1511 409 1576 dem
432 1511 576 1590 speciem
600 1527 669 1574 non
688 1508 862 1590 potuimus
881 1510 1065 1575 escendere.
1088 1508 1192 1576 Nobis
1212 1514 1341 1577 certum
1361 1511 1480 1587 idest,

332 1618 418 1699 quod
450 1618 484 1682 in
517 1618 589 1697 ipso
625 1619 723 1681 textu
756 1616 1073 1697 animadvertimus,
1106 1616 1339 1682 intricatarum
1362 1619 1480 1682 autem

331 1742 444 1789 rerum
467 1723 643 1804 explicatio
667 1723 696 1789 si
717 1722 921 1805 judicabitur
945 1723 1031 1787 satis
1053 1740 1127 1788 esse
1150 1723 1341 1805 probabilis,
1360 1723 1479 1801 gaude·

331 1830 442 1896 bimus
465 1833 501 1895 et
524 1846 641 1911 operae
665 1830 811 1911 pretium
833 1829 951 1893 iecisse
974 1828 1171 1894 videbimur.

378 1937 469 2019 Quod
493 1936 589 2002 nobis
611 1936 847 2017 proposuimus
876 1934 994 2000 itidem
1018 1935 1139 2016 duplex
1163 1936 1238 2000 luit.
1276 1936 1480 2001 Primarium

328 2043 394 2107 luit
417 2042 657 2124 interpretibus
679 2044 959 2122 commonstrare,
980 2059 1083 2122 quam
1101 2042 1296 2107 innumerae
1316 2059 1370 2106 res
1389 2042 1476 2120 sint,

328 2167 472 2230 quarum
503 2151 538 2213 in
567 2147 817 2214 commentariis
847 2149 907 2213 vix
937 2148 1006 2213 ulla
1036 2149 1198 2213 habeatur
1226 2148 1330 2228 ratio;
1359 2146 1479 2212 deinde

327 2256 527 2337 conjecturis
556 2255 682 2319 nostris
712 2253 793 2319 alios
824 2252 964 2318 incitare
990 2253 1158 2319 voluimus
1183 2257 1223 2319 ut
1244 2259 1421 2335 pergerent
1443 2256 1480 2317 et

326 2361 361 2425 in
392 2362 493 2426 meris
521 2360 668 2425 tenebris
692 2360 831 2425 tandem
854 2360 963 2425 lucem
986 2361 1220 2443 accenderent,
1247 2360 1370 2425 nostris
1393 2359 1478 2423 veri-

326 2466 490 2533 similibus
523 2467 595 2531 sive
625 2466 782 2532 refutatis
814 2466 904 2547 sive,
935 2468 1021 2546 quod
1047 2484 1127 2532 sane
1150 2468 1336 2545 malumus,
1362 2466 1478 2531 confir-

325 2573 437 2639 matis.

370 2681 540 2744 Amemus
559 2683 594 2745 et
615 2698 816 2747 veneramur
835 2698 968 2746 sacrum
988 2681 1150 2763 codicem,
1172 2683 1296 2762 absque
1318 2680 1479 2762 quohaec

324 2803 390 2866 qua
412 2787 542 2851 vivitur
561 2787 647 2852 ratio
671 2805 713 2852 ne
737 2787 876 2865 intelligi
899 2786 1033 2868 quidem
1058 2791 1178 2869 potest.
1211 2789 1318 2854 Amor
1341 2788 1478 2869 impulit

323 2895 364 2956 ut
394 2893 573 2974 quaerendi
606 2893 792 2959 faceremus
825 2893 962 2958 initium
969 2913 977 2973 ;
1007 2895 1178 2959 veneratio
1201 2894 1296 2976 iecit,
1321 2898 1362 2960 ut
1384 2912 1476 2960 vere·

323 3000 430 3064 eunde
462 3016 706 3080 quaereremus.
744 3001 813 3066 Nec
840 2998 954 3063 critica
978 3017 1033 3065 ars
1055 3018 1117 3066 nos
1139 3001 1297 3066 admirari
1320 3002 1475 3082 dedocet,

322 3105 456 3170 etiamsi
489 3106 631 3171 sortasse
662 3122 724 3172 nos
755 3106 931 3188 inst'tuat,
966 3108 1007 3170 ut
1035 3107 1070 3171 in
1093 3108 1209 3172 eadem
1232 3125 1268 3172 11
1291 3107 1379 3172 aliud
1403 3108 1475 3188 pul-

322 3209 520 3276 chritudinis
544 3225 650 3290 genus
673 3212 886 3277 admiremur.

368 3315 451 3396 Quid
482 3318 623 3397 uterque
655 3321 811 3383 nostrum
834 3318 876 3382 ad
900 3319 1046 3383 laborem
1070 3319 1266 3400 contulerit,
1291 3336 1352 3384 nec
1375 3319 1475 3385 facile

321 3420 412 3485 dictu
437 3425 491 3486 est
514 3439 574 3486 neo
599 3425 713 3488 mente
729 3428 878 3505 repetere
895 3425 1012 3505 juvat,
1034 3425 1092 3489 sed
1111 3425 1209 3506 illud,
1232 3425 1298 3490 nisi
1313 3424 1471 3507 fallimur,

320 3527 498 3593 lectoribus
529 3528 619 3593 haud
651 3529 837 3610 displicebit
873 3530 1054 3609 theologiae
1085 3536 1235 3597 veterem
1265 3533 1413 3599 amicum
1436 3539 1474 3599 et

320 3632 522 3714 philologum
548 3634 636 3700 vires
660 3636 891 3719 conjunxisse,
917 3639 957 3700 ut
981 3633 1155 3703 Sacrorum
1175 3639 1350 3704 Librorum
1370 3641 1472 3705 inter·

320 3740 562 3824 pretationem,
588 3745 755 3822 quantum
779 3743 952 3821 ingenium
975 3745 1168 3809 concederet
1195 3748 1231 3810 et
1257 3749 1393 3827 tempus
1416 3765 1472 3827 pa-

320 3847 462 3925 teretur,
487 3848 642 3926 gnaviter
665 3849 874 3930 adjuvarent.

1098 3975 1140 4036 A.
1165 3973 1319 4038 Pmnsou.

1099 4074 1130 4143 S.
1155 4079 1197 4141 A.
1222 4078 1351 4143 Nassa.

794 4321 995 4331 ——.
