3192 5325
671 566 738 632 215

122 749 279 830 πούβοοτοο
311 752 353 815 τὰ
388 750 452 829 ἐμοὶ
483 751 595 825 ἕντῆς
620 748 721 832 xersis
745 774 805 828 μον
828 753 899 819 Joh.
930 755 987 836 10,
1013 756 1055 821 28
1081 755 1131 833 (cf.
1159 757 1208 839 17,
1238 758 1279 821 12

121 877 194 941 quo
217 859 396 940 respicitur
420 860 470 940 13,
497 859 540 941 3).
561 859 696 924 Errores
715 860 824 924 nostri
835 877 903 925 non
921 859 1112 926 abalienaut
1127 861 1280 927 animum

121 969 167 1032 ab
202 983 335 1033 summo
366 967 467 1031 Duce.
504 967 574 1046 Quo
604 966 679 1046 quis
710 967 848 1046 pulvere
870 967 1014 1047 undique
1037 967 1171 1033 collecto
1195 986 1280 1033 com·
1382 979 1384 982 ·

120 1074 320 1139 maculatus
351 1075 422 1154 est,
454 1073 485 1136 is
513 1070 595 1137 alias
626 1074 728 1152 atque
749 1071 833 1137 alias
856 1072 1014 1138 abluitur.
1037 1073 1204 1139 Ecclesiae
1227 1076 1282 1139 est

120 1196 224 1245 arcae
255 1179 369 1244 Noach
396 1179 513 1261 instar,
539 1194 624 1258 quae
646 1177 773 1243 munda
794 1181 909 1244 servat
930 1181 964 1244 et
988 1180 1163 1244 immunda
1184 1179 1278 1258 (Gen.

121 1287 153 1369 7,
193 1287 225 1361 2)
240 1284 275 1369 ¹).
309 1283 454 1349 Ecclesia
477 1286 531 1349 est
559 1283 679 1370 domus
709 1283 788 1367 Dei,
815 1284 939 1365 inqua
962 1286 1066 1350 etiam
1090 1304 1173 1352 vasa
1197 1289 1279 1352 sunt

119 1391 296 1457 inhonesti
319 1408 422 1456 usus:
445 1387 524 1465 ἔγνω
550 1390 630 1472 (non
653 1390 734 1456 adeo
759 1391 834 1471 ipsa
857 1390 1019 1475 Ecclesia,
1047 1391 1119 1477 sed)
1143 1390 1156 1453 t
1182 1391 1278 1471 κύριος

119 1496 195 1569 τοὺς
221 1494 310 1567 ὄντος
335 1496 432 1559 αὐτοῦ
457 1495 491 1580 (2
504 1495 589 1560 Tim.
616 1497 654 1577 2,
681 1496 723 1560 19
746 1511 802 1576 sq3
827 1495 924 1560 aliter
948 1495 1086 1562 Numer.
1103 1497 1277 1580 16.5;26)

120 1603 273 1669 Ecclesia
304 1605 375 1668 rete
404 1604 473 1667 est:
505 1600 693 1678 βούλετο...
727 1599 762 1665 τὸ
792 1599 911 1665 δίκτυον
935 1601 987 1666 κού
1011 1601 1164 1681 εὑρήσετε.
1201 1603 1278 1669 Non

119 1712 270 1792 possunt
299 1712 371 1774 rete
394 1709 431 1773 in
454 1711 580 1774 terram
604 1709 737 1774 trahere
761 1709 825 1771 οἶτὸ
850 1711 904 1772 τοῦ
928 1710 1059 1783 τλύύονς
1083 1715 1141 1774 τῶν
1165 1709 1277 1792 ἲχύύονν

120 1815 177 1880 κού
199 1815 350 1880 τοσούτων
374 1812 463 1878 ὄντων
486 1815 649 1896 (Cathari,
675 1815 871 1897 Novatiani,
896 1816 1138 1900 Montanistae,
1173 1819 1279 1884 Dona·
1384 1880 1387 1886 .

120 1924 247 2005 tistae,
271 1921 499 2006 Franciscani,
529 1921 792 2003 Anabaptistae,
820 1922 989 2006 Puritani,
1014 1923 1190 1990 Darbistae
1213 1927 1276 1990 cet.

119 2046 259 2111 semper
292 2045 449 2116 reponere
484 2026 601 2093 volunt
634 2026 815 2092 electorum
846 2029 1065 2109 purissimam
1095 2031 1275 2120 cohortem)

119 2135 275 2200 τοσούτων
294 2132 384 2198 ὄντων
406 2135 460 2198 ούκ
484 2131 613 2214 texistis
637 2132 672 2196 τὸ
697 2133 815 2197 δίκτυον
839 2133 926 2218 (Joh.
951 2135 1017 2220 21).
1042 2136 1274 2222 Pneumaiioe,

118 2260 228 2322 negas
251 2245 287 2306 te
305 2241 416 2322 lapsos
435 2241 580 2322 recipere
598 2240 708 2305 velle?
733 2240 783 2304 At
805 2241 904 2306 iesus
922 2258 1001 2306 eum
1020 2242 1079 2322 qui
1098 2245 1150 2307 ter
1161 2243 1276 2324 lapsus

119 2352 194 2431 est,
217 2349 282 2414 toti
300 2348 465 2413 Ecclesiae
488 2347 697 2428 praeposuit:
721 2346 867 2423 τοίμοινε
890 2346 934 2411 τὰ
957 2345 1115 2426 spoliatori
1139 2371 1216 2425 μου,
1241 2352 1277 2414 et

119 2456 165 2520 ad
186 2455 327 2520 Petrum
351 2455 491 2534 occupat
513 2453 638 2518 dicere:
662 2452 765 2534 pudore
788 2452 872 2529 pert
897 2457 1001 2517 τοῦτον
1026 2455 1093 2538 (13,
1120 2453 1163 2539 7).
1198 2450 1274 2520 Sint

119 2563 181 2643 qui
206 2561 408 2626 severiorem
431 2576 583 2625 normam
606 2559 760 2624 adhibere
783 2559 909 2625 velint:
934 2562 970 2625 at
982 2561 1096 2644 iesus,
1111 2560 1273 2626 Dominus

118 2671 239 2733 noster
275 2669 311 2733 et
333 2666 501 2750 Magister,
526 2666 616 2733 aliud
641 2662 818 2743 ὑπόδειγμα
842 2667 950 2748 dedit,
975 2684 1043 2733 non
1066 2685 1186 2748 parcus
1209 2668 1274 2733 fuit

119 2774 251 2854 gratiae
275 2774 310 2837 et
334 2773 458 2837 statuit
485 2772 590 2837 etiam
612 2772 745 2853 lapsum
767 2773 903 2838 restitui
925 2789 1023 2853 posse
1046 2773 1081 2837 in
1104 2773 1274 2853 integrum

119 2880 188 2964 (vs.
216 2880 259 2943 16
283 2879 505 2959 interpolatus
528 2879 596 2963 est)
609 2877 643 2955 ²).

167 2986 269 3051 Nunc
290 2986 427 3050 demum
449 2986 534 3049 bene
557 2983 774 3063 intelligimus
798 2984 885 3065 quod
906 2984 1016 3065 capite
1037 2985 1078 3049 13
1098 2987 1274 3050 narratum

118 3092 198 3158 fuit.
237 3088 368 3156 Scilicet
403 3090 596 3155 instituitur
631 3091 881 3156 sacramentum
922 3089 1044 3170 pedum
1075 3088 1271 3173 ablutionis,
1325 3130 1327 3134 v

157 3349 187 3414 1)
213 3350 245 3399 In
269 3350 349 3396 vetare
372 3346 476 3395 Eeclesia
499 3345 581 3395 creber
603 3349 639 3395 est
661 3346 732 3409 hujus
749 3344 860 3410 imaginis
878 3361 941 3395 usus.
958 3346 1062 3409 Proptet
1078 3362 1105 3395 ea
1122 3362 1182 3410 quae
1198 3362 1271 3412 supra

120 3430 242 3487 diximus,
269 3427 422 3486 memorabile
448 3431 484 3477 est
506 3430 522 3477 2
545 3429 610 3477 Petr.
635 3433 658 3487 2,
684 3430 697 3476 t
721 3427 834 3477 animalia
849 3444 897 3476 non
914 3427 1046 3487 nominari,
1064 3429 1104 3477 sed
1121 3429 1270 3494 patriarchae

120 3513 178 3561 Noe
194 3510 319 3559 familiam.

156 3609 186 3672 2)
206 3608 370 3673 Interpolator
387 3624 463 3671 neque
481 3605 624 3669 ὑπόδειγμα
640 3607 770 3666 intellexit,
790 3624 866 3672 neque
883 3624 916 3657 vs.
935 3606 975 3667 13,
992 3624 1063 3672 quem
1076 3624 1172 3660 versum
1187 3609 1269 3660 omisit
1340 3610 1343 3615 ’

119 3693 235 3743 conferre
257 3706 312 3740 cum
336 3691 393 3740 Joh.
416 3692 455 3751 15,
483 3692 522 3740 15.
549 3691 589 3739 Vs.
608 3692 639 3756 13
656 3691 726 3739 Jesus
743 3690 822 3739 dicere
838 3690 929 3743 voluit:
947 3692 1004 3740 Sum
1022 3688 1102 3752 κύριος
1119 3692 1200 3756 itaque
1218 3708 1269 3743 rem

119 3775 251 3824 instituam
260 3773 378 3836 quomodo
386 3772 491 3823 voluero.
515 3772 583 3821 Iocis
591 3772 632 3836 qui
640 3772 753 3836 leguntur
763 3773 853 3822 Matth.
865 3773 904 3833 10,
914 3774 946 3822 24
956 3776 980 3821 et
988 3774 1044 3823 Luc.
1055 3773 1094 3831 22,
1105 3772 1136 3825 at
1146 3777 1269 3839 praeterea

120 3857 305 3904 demonstratur
329 3854 384 3902 Joh⁴
411 3854 450 3912 13,
472 3854 505 3903 1o
528 3870 575 3902 non
594 3853 662 3903 auiae
679 3853 764 3902 referri
781 3855 811 3902 ad
828 3854 916 3918 pedum
933 3852 1084 3903 ablutionem.
1103 3854 1162 3903 Erat
1181 3856 1209 3903 de
1227 3872 1268 3905 vo·

118 3936 231 3986 lantibus
253 3935 331 3985 verbis
352 3951 439 3994 mum,
461 3936 525 3999 quod
548 3950 678 3999 numquam
694 3936 775 4001 inepte
792 3935 929 3985 addebatur.
949 3936 1037 3985 Itidem
1054 3935 1195 4000 interpolati
1212 3940 1268 3987 sunt

119 4034 168 4069 vas.
195 4016 256 4077 10b;
281 4019 312 4067 11
337 4034 364 4066 ac
385 4017 486 4082 proinde
507 4009 540 4067 ra.
564 4018 591 4075 2;
616 4018 645 4067 ct
665 4019 708 4076 13,
724 4016 765 4075 27,
781 4032 812 4066 ue
829 4017 951 4083 lapsorum
967 4017 1084 4067 absolutio
1101 4019 1268 4070 extenderetur

118 4103 152 4150 ad
169 4099 322 4149 traditorem.
340 4100 411 4163 Apud
428 4098 505 4148 solum
522 4099 659 4149 Jobannem
677 4099 754 4149 Judas
771 4099 862 4148 loculos
879 4099 951 4149 habet
967 4101 1016 4161 (12,
1035 4100 1070 4167 t).
1098 4100 1207 4151 Fortasse
1223 4103 1268 4152 ali·

118 4182 180 4246 quid
198 4181 316 4230 acciderat
333 4181 427 4230 cuidam
444 4181 581 4237 exmneis
594 4182 656 4241 illis,
671 4198 731 4246 quos
746 4182 809 4247 apud
822 4182 954 4247 Josephum
963 4198 1034 4248 supra
1042 4182 1145 4232 vidimus
1159 4184 1267 4247 habuisse

117 4263 221 4313 loculos.
245 4263 334 4312 Odium
351 4264 492 4313 Fssaeorum
508 4263 592 4313 itidem
608 4264 668 4312 latet
687 4264 726 4321 12,
747 4264 770 4322 1,
787 4278 842 4311 narn
853 4265 927 4325 pedes
944 4264 1050 4313 videmus
1068 4268 1188 4328 unguento
1206 4266 1266 4316 deli-

117 4345 193 4395 butos
214 4361 248 4394 vs.
274 4348 297 4403 3,
320 4347 360 4394 sed
377 4362 415 4394 res
433 4345 505 4395 aliter
521 4349 634 4395 sanatur
650 4346 712 4410 apud
731 4345 885 4395 Matthaeum
903 4349 927 4394 et
945 4347 1063 4395 Marcum.
1083 4348 1175 4412 Nempe
1193 4348 1266 4415 respi-

117 4427 248 4477 ciebautnr
263 4428 305 4492 qui
322 4428 352 4478 ab
369 4432 546 4493 unguentorum
563 4444 610 4479 usu
627 4428 800 4488 abhorrebant3
819 4444 869 4493 cap.
887 4428 926 4488 12,
941 4428 1265 4491 scelestissimam

118 4510 247 4574 uvangdii
269 4510 398 4575 imaginem
421 4513 508 4571 offert,
530 4510 651 4561 solitariae
668 4511 809 4561 &saeorum
825 4509 948 4575 superbiae
964 4510 1109 4576 oppositam,
1128 4513 1157 4562 ei.
1176 4513 1192 4562 2
1209 4513 1264 4564 Cor.

118 4593 210 4653 2,14;
230 4592 270 4641 lt.
1137 4585 1142 4595 '
