3192 5325
650 574 711 636 241

106 755 185 818 novi
209 772 288 830 voa,
311 757 368 837 qui
391 757 573 836 operamini
593 757 808 836 iniquitatem
823 762 854 832 ¹).
879 757 954 820 Non
977 754 1083 834 magis
1102 753 1253 817 homines

105 858 146 923 ad
165 864 319 926 sevocat
338 880 441 942 quam
462 863 600 943 repellit.
625 862 816 942 Discipulos
840 864 931 942 cupit
955 860 1157 964 aliquamdiu
1170 874 1252 923 sece-
1320 898 1323 904 -

105 965 181 1030 dere
201 969 241 1031 ut
260 970 391 1048 patrem
412 969 567 1051 sepehat:
582 970 707 1034 mortui
719 972 869 1033 mortuos
883 969 1059 1050 sepeliant,
1076 965 1186 1046 inquit
1196 985 1203 1044 ;
1213 965 1252 1027 tu

107 1089 161 1135 me
185 1089 331 1153 sequere.
364 1075 523 1138 Remittit
546 1074 730 1156 paullulum
753 1074 858 1140 animi
881 1074 999 1152 ingens
1023 1071 1192 1138 contentio
1218 1071 1253 1132 et
1345 1162 1347 1165 Ι
1458 1132 1461 1136 .

106 1177 230 1242 dormit
252 1179 288 1243 in
311 1180 475 1245 navicula.
501 1180 614 1246 Motus
635 1197 779 1259 magnus
792 1180 879 1245 fitin
892 1179 977 1244 mari
989 1182 1023 1243 et
1037 1179 1199 1242 accedunt
1212 1178 1252 1242 ad

105 1301 184 1348 eum
216 1286 368 1366 discipuli
396 1290 432 1352 et
462 1288 630 1351 suscitant
653 1303 742 1351 eum.
767 1286 880 1350 Etiam
903 1286 938 1349 in
961 1286 1080 1350 lectulo
1101 1286 1216 1366 jacens
1230 1288 1253 1359 ²)

105 1407 162 1454 eos
186 1391 351 1472 increpat:
376 1392 455 1472 qnid
479 1392 588 1457 timidi
608 1393 708 1471 estis,
734 1392 880 1456 modicae
899 1392 1002 1456 fidei?
1023 1391 1100 1456 Mox
1113 1407 1253 1469 surgens

105 1495 249 1577 imperat
279 1498 392 1563 ventis
422 1502 458 1563 et
489 1499 574 1563 mari
606 1501 641 1563 et
673 1498 761 1562 facta
785 1500 839 1562 est
862 1497 1087 1578 tranquillitas
1112 1512 1252 1576 magna,

106 1619 191 1682 quae
214 1603 376 1669 maiorem
399 1604 566 1670 horrorem
589 1605 737 1669 incutere
757 1604 871 1668 debuit
891 1620 993 1685 quam
1013 1603 1083 1684 ipsa
1104 1603 1253 1684 procella.
1325 1625 1328 1632 ·

106 1707 185 1772 Mox
215 1708 398 1776 horrendus
422 1728 531 1775 sermo
555 1711 742 1776 conseritur
767 1728 845 1775 cum
868 1709 1069 1774 daemonum
1092 1709 1251 1789 nogione,
1380 1698 1385 1706 '

106 1831 191 1894 quae
210 1817 333 1896 ubique
352 1817 610 1909 circumstrepit.
629 1817 698 1892 lte,
721 1817 847 1899 inquit,
869 1818 904 1880 et
924 1818 1087 1880 exeuntes
1099 1815 1254 1880 abierunt

106 1919 140 1983 in
171 1939 288 2001 porcos
319 1926 355 1987 et
377 1940 451 1988 ecce
475 1924 604 2004 impetu
628 1923 712 1987 abiit
735 1925 831 1987 tetus
856 1938 937 2000 grex
961 1938 1018 2002 per
1041 1937 1197 2002 praeceps
1220 1921 1256 1985 in

105 2044 207 2092 mare.
240 2028 352 2094 Intrat
384 2031 517 2111 urbem,
551 2030 609 2095 sed
632 2029 751 2094 urbani
774 2030 971 2110 adspectum
994 2046 1061 2093 non
1083 2030 1197 2094 ierunt
1221 2031 1256 2092 et

108 2137 228 2211 rogant
250 2138 292 2198 ut
315 2138 467 2201 transeat
490 2154 510 2201 a
533 2135 658 2200 finibus
681 2135 752 2200 suis
766 2134 802 2219 ³).

151 2240 216 2306 Hic
240 2243 401 2323 propheta
424 2243 562 2307 minime
586 2244 727 2307 conatur
750 2258 874 2305 novam
894 2241 1081 2306 doctrinam
1101 2244 1256 2306 veterum

102 2345 238 2439 placitis
262 2347 430 2429 adaptare.
456 2349 505 2414 Ne
529 2349 748 2413 commissura
772 2347 875 2427 panni
898 2347 990 2411 rudis
1015 2347 1051 2411 in
1076 2347 1255 2411 vestimen-

107 2454 182 2516 tum
214 2456 334 2520 vetus!
365 2455 415 2519 Ne
440 2455 560 2519 vinum
583 2472 710 2519 novum
732 2454 767 2518 in
791 2456 885 2518 utres
908 2455 1057 2518 veteres!
1083 2455 1187 2535 Opera
1210 2453 1255 2517 lu-

108 2558 217 2623 ditur:
242 2561 362 2625 vinum
385 2561 568 2625 effunditur
590 2563 625 2625 et
648 2563 742 2625 utres
765 2562 934 2641 pereunt.¹
1015 2575 1018 2580 ·
1130 2557 1131 2560 ’

151 2657 364 2748 Ubicumque
384 2668 509 2749 prodit,
530 2659 745 2733 vehementia
764 2671 826 2732 est.
846 2667 1010 2749 Principis
1030 2667 1169 2733 alicuius
1189 2668 1256 2733 filia
1280 2708 1284 2717 ·

106 2771 266 2838 defuncta
289 2777 342 2838 est
365 2774 454 2839 etin
472 2775 607 2839 funesta
627 2774 724 2838 domo
744 2773 847 2839 fiebat
863 2774 1059 2852 lamentatio
1072 2774 1256 2838 secundum
1381 2769 1384 2775 ’

106 2896 236 2943 morem
261 2881 381 2959 gentis.
405 2880 670 2946 Lamentatrices
694 2882 730 2943 et
752 2879 1029 2943 circumstantem
1055 2881 1191 2945 turham
1210 2898 1256 2944 re-

105 2986 220 3049 cedere
253 2985 364 3067 jubet:
400 3004 467 3050 non
500 2987 608 3069 enim,
642 2985 770 3070 inquit,
805 2987 859 3049 est
891 2988 1023 3049 mortua
1048 2984 1172 3065 puella,
1198 2986 1256 3049 sed

105 3089 238 3154 dormit.
264 3091 356 3156 Inter
378 3090 532 3157 lacrimas
556 3092 644 3155 risus
668 3093 805 3155 obortus
824 3092 893 3170 est,
918 3091 975 3154 sed
995 3075 1094 3155 turba
1113 3091 1254 3156 eiicitur.

104 3196 262 3262 Christus
296 3198 402 3263 intrat
433 3198 571 3263 domum
601 3197 658 3262 ubi
689 3197 831 3261 cadaver
859 3196 1007 3279 iacebat,
1038 3198 1164 3262 tacitus
1187 3216 1255 3279 pre·

103 3302 224 3392 hendit
247 3321 387 3369 manum
410 3309 446 3369 et
469 3304 618 3369 surrexit
641 3302 750 3383 puella
762 3301 798 3387 ⁴).

151 3406 289 3491 Semper
317 3413 488 3491 properat,
513 3427 594 3474 nam
617 3410 718 3473 breve
741 3409 771 3472 ei
795 3411 929 3489 tempus
953 3426 1150 3473 concessum
1173 3409 1255 3490 fuit;

103 3517 214 3595 pergit
233 3533 294 3580 nec
313 3516 414 3580 habet
434 3516 491 3581 uhi
503 3518 605 3596 caput
617 3514 763 3579 reclinet.
789 3514 977 3580 Admiratio
989 3514 1165 3579 hominum
1178 3533 1255 3579 curn

106 3623 235 3686 terrore
253 3622 430 3702 coniuncta
449 3625 512 3686 est.
537 3621 644 3685 Audit
664 3620 812 3685 Herodes
832 3623 866 3685 et
886 3620 1010 3685 metuit
1031 3637 1073 3684 ne
1085 3621 1255 3685 lohannes

106 3720 270 3792 revixerit
283 3725 316 3806 ⁵).
342 3728 489 3802 Credunt
508 3727 676 3792 Pharisaei
695 3727 730 3791 in
749 3726 896 3807 principe
918 3726 1166 3791 daemoniorum
1177 3743 1256 3792 eum

105 3833 224 3915 ejicere
244 3832 422 3926 daemones
434 3833 469 3911 ⁰).
494 3832 672 3914 Discipulls
692 3849 775 3914 ques
797 3832 943 3913 emittit,
958 3831 1100 3896 instillat
1113 3832 1255 3897 eundem

113 4000 302 4009 —.—-——

143 4100 172 4164 1)
190 4098 282 4148 Matth.
302 4097 325 4157 7,
346 4098 452 4147 14-23.
762 4148 765 4152 ,

142 4183 171 4245 2)
190 4182 311 4230 Matthaei
334 4180 413 4230 locum
429 4180 550 4245 mitigavit
566 4181 615 4231 nu·
643 4182 666 4237 8,
683 4181 725 4230 24.

141 4266 169 4329 3)
189 4264 281 4313 maun.
300 4266 322 4313 8.
343 4264 419 4313 Marc.
438 4266 461 4321 5,
480 4263 503 4312 9.
1146 4326 1148 4329 Ι

139 4347 170 4411 4)
187 4346 260 4411 Quod
281 4345 308 4393 in
324 4347 370 4394 line
387 4345 456 4395 nimia
475 4346 594 4395 concisum
611 4349 646 4393 cat
663 4345 725 4409 apud
745 4343 904 4401 Matthaeum,
923 4343 1049 4407 mitigatur
1066 4360 1102 4409 ap.
1122 4344 1198 4393 Marc.
1219 4347 1254 4403 t,

107 4432 138 4478 41
158 4433 183 4477 ct
201 4429 259 4477 Luc.
277 4428 301 4486 8,
321 4429 360 4477 54.

141 4512 170 4576 ὅ)
187 4511 285 4567 111109,
304 4508 319 4560 7
335 4525 387 4573 sqq.

144 4593 173 4658 θ)
193 4591 287 4641 nauh.
307 4592 330 4641 9.
