3192 5325
417 715 672 780 concedendum
703 716 773 794 est,
805 713 894 778 haud
926 729 1045 794 pamm
1076 709 1179 775 luisse
1201 709 1238 773 in
1262 707 1383 772 Bacchi
1410 706 1515 783 cultu,

372 821 459 902 quod
481 820 634 884 homines
658 819 760 884 altius
785 820 819 884 et
845 819 962 900 purius
987 815 1200 898 interpretari
1224 815 1373 896 possent.
1410 809 1520 876 Veluti

373 926 460 1008 quod
491 926 533 990 ad
564 943 668 990 novos
700 924 831 990 natales
862 923 1005 1003 attinet,
1038 922 1078 986 de
1108 922 1229 1003 quibus
1260 919 1382 984 dicitur
1406 915 1517 982 June
1571 925 1572 932 ’

375 1047 612 1112 componemus
640 1029 769 1096 Diodori
796 1028 896 1095 Siculi
925 1030 1035 1094 locum
1060 1028 1096 1110 3,
1125 1027 1168 1091 62
1194 1043 1281 1106 squ:
1308 1024 1467 1100 Διμητορα
1490 1020 1516 1083 δὲ

375 1134 517 1199 Διόνυσον
553 1135 611 1199 ὑπὸ
647 1141 704 1198 τῶν
736 1140 878 1198 παλαιῶν
908 1131 1099 1214 ὠνομάσθαι,
1133 1135 1209 1207 μιῖις
1242 1131 1297 1206 μὲν
1323 1128 1375 1192 καί
1402 1129 1512 1207 πρώτης

374 1243 521 1319 γενέσεως
554 1239 774 1325 σίριίμουμίνης
806 1238 880 1304 ίταν
912 1244 946 1304 τὸ
978 1239 1075 1319 φυτὸν
1108 1239 1150 1310 είς
1174 1239 1228 1311 τὴν
1252 1243 1312 1315 γῆν
1336 1234 1418 1299 τείὲν
1442 1250 1515 1311 λαμ-

372 1348 456 1428 βιίνη
480 1349 534 1421 την
558 1345 702 1424 αὔξησιν,
727 1345 870 1426 δευτέρας
894 1347 925 1411 δὲ
950 1341 1023 1409 ὅταν
1049 1345 1141 1426 βρίίη
1164 1345 1216 1410 καί
1242 1345 1311 1414 τοὺς
1336 1340 1447 1422 βότρυς
1471 1364 1516 1404 τε·
1573 1342 1574 1424 ί

375 1455 491 1534 παίνη,
529 1452 586 1521 ίίςε
618 1455 673 1529 την
704 1454 761 1529 μὲν
792 1455 828 1517 εἰι
859 1460 936 1537 γῆς,
970 1452 1053 1527 τήνδ’
1078 1452 1112 1515 ἐκ
1136 1459 1191 1525 τῆς
1216 1449 1361 1527 ἀμπέλου
1384 1452 1436 1513 τοῦ
1458 1448 1517 1510 ίευΐι
1573 1429 1574 1444 ¹

376 1560 567 1642 νομίζεσθαι,
591 1561 649 1626 ubi
673 1579 740 1625 non
761 1577 942 1641 possumus
966 1578 1033 1625 non
1056 1557 1219 1624 recordari
1237 1558 1311 1623 Joh.
1336 1556 1389 1633 15,
1409 1559 1444 1620 2:
1461 1558 1518 1617 ιιιίι

376 1674 484 1739 κλῆμα
517 1665 546 1728 ἐν
580 1664 644 1740 ἐμοί
676 1668 721 1742 μη
753 1663 843 1745 Φέρον
875 1663 1007 1744 καρπόν,
1036 1664 1112 1739 αίρει
1137 1663 1232 1727 αιἰτί·
1258 1664 1319 1728 hoc
1342 1663 1432 1728 enim
1453 1663 1519 1725 erat

375 1773 614 1838 documentum
637 1771 886 1849 παλιγγενεσίαν
910 1772 1103 1851 desiderari,
1125 1788 1228 1851 quam
1248 1769 1374 1833 frustra
1394 1784 1516 1848 exspec-

375 1880 429 1942 tat
463 1878 476 1938 δ
509 1878 547 1941 ὢν
579 1880 613 1942 εἰι
643 1888 698 1952 τῆς
732 1884 803 1955 γῆς.
840 1879 1001 1944 Extremo
1025 1881 1142 1942 autem
1165 1877 1275 1956 capite
1300 1876 1342 1939 64
1367 1873 1518 1939 Diodorus

375 1983 498 2048 diserte
520 1984 631 2049 docet:
658 1981 801 2047 Διόνυσον
825 1981 1008 2059 καταδεῖξαι
1033 1983 1065 2046 δὲ
1089 1981 1140 2044 καί
1164 1981 1206 2044 τοὶ
1227 1979 1293 2058 περί
1315 1981 1374 2050 τὰς
1395 1978 1516 2047 τελετὰς
1575 2037 1576 2054 2

291 2170 293 2175 ι
377 2088 428 2151 καί
461 2089 648 2162 μεταδοῦναι
680 2096 739 2152 τῶν
770 2091 921 2168 μυςηρίιον
948 2098 1015 2161 τοῖς
1041 2087 1183 2164 εὐσεβέσι
1208 2094 1266 2151 τῶν
1292 2085 1444 2164 οίνίροίπιον
1468 2083 1514 2146 καί
1575 2071 1576 2074 ¹

379 2193 493 2257 δίκαιον
525 2196 592 2272 βίον
624 2197 762 2260 οὶσιιοῦσι.
799 2199 843 2263 Et
867 2214 937 2277 cap.
962 2198 1005 2261 65
1029 2196 1123 2261 init:
1149 2193 1359 2269 διαβοηθείσης
1386 2191 1416 2255 δὲ
1439 2189 1514 2253 ιιατίι

379 2300 486 2363 ποίντα
517 2299 610 2365 τόπον
634 2310 688 2376 τῆς
712 2306 765 2366 τοῦ
789 2305 855 2366 θεοῦ
880 2300 1069 2385 παρουσίας,
1094 2300 1146 2364 καὶ
1173 2301 1245 2364 διότι
1271 2303 1366 2363 πᾶσιν
1389 2299 1512 2366 ἐπιεικῶς
1576 2299 1577 2304 ’

381 2406 623 2486 προσφερόμενος
658 2410 762 2473 πολλοὶ
798 2407 1026 2485 συμβάλλεται
1061 2407 1133 2484 πρὸς
1171 2409 1225 2481 την
1261 2405 1439 2483 ἐξημέρωσιν
1467 2405 1512 2465 τοῦ

381 2517 476 2576 κοινοῦ
506 2512 596 2588 βίου,
629 2513 781 2588 πανδημεί
815 2516 967 2577 συναντᾶν
1000 2513 1082 2592 αὐτῷ
1115 2511 1166 2576 καί
1191 2511 1413 2592 προσδέχεσθαι
1438 2507 1511 2586 μετίι
1577 2509 1578 2536 ³

380 2626 498 2693 πολλῆς
522 2622 637 2700 χαρᾶς.
662 2621 706 2686 lit
732 2639 802 2703 dap.
831 2621 891 2689 73:
916 2618 958 2685 διδ
983 2618 1034 2683 καί
1060 2617 1183 2690 ποίντας
1209 2618 1277 2691 τοὺς
1302 2617 1464 2697 ἀνθρώπους
1486 2615 1512 2677 ἐν

378 2730 450 2796 ταῖς
483 2725 554 2803 πρὸς
579 2725 646 2797 τοὺς
672 2723 785 2797 ἄλλους
813 2724 893 2797 θεοὺς
917 2732 1025 2800 τιμαῖς
1049 2726 1110 2805 οὐχ
1134 2724 1242 2801 ίμοίαν
1266 2720 1398 2803 ἔχοντας
1421 2718 1512 2801 προοί-
1578 2754 1579 2775 ι

379 2854 459 2909 ρεσιν
492 2830 641 2904 ἀλλήλοις
676 2833 787 2912 σχεδὸν
819 2832 868 2895 ἐπὶ
903 2830 993 2909 μόνον
1018 2836 1071 2896 τοῦ
1097 2834 1242 2896 Διονύσου
1266 2828 1512 2910 συμφωνουμένην

379 2937 585 3003 ἀποδεικνύειν
608 2939 777 3018 μαρτυρίαν
798 2944 852 3011 τῆς
874 2938 1065 3012 ιίίανασίας·
1087 2936 1192 3002 οὐδένα
1214 2938 1277 3017 γὰρ
1295 2935 1355 3001 οὔθ’
1375 2933 1513 3007 Ἑλλήνων

380 3044 451 3110 οὔτε
485 3044 653 3123 βαρβοίρων
687 3043 809 3122 ίίμοιρον
840 3041 917 3109 εἶναι
947 3054 1001 3120 τῆς
1033 3044 1140 3111 τούτου
1172 3044 1283 3124 δωρεαῖς
1308 3044 1362 3107 καί
1386 3040 1511 3122 χοίριιος.

381 3153 495 3217 lltiam
517 3153 671 3219 Julianus
693 3154 784 3219 Orat.
810 3152 884 3233 Vll,
911 3153 986 3237 221,
1011 3152 1069 3218 ubi
1088 3154 1128 3218 de
1148 3152 1277 3217 Baccho
1297 3151 1385 3232 agit,
1406 3148 1513 3214 ludicre

380 3259 552 3339 componit
575 3256 705 3336 ἡμερίδα
729 3261 765 3323 et
788 3257 927 3335 ἡμεροῦν.

427 3365 567 3446 Propter
588 3365 670 3430 haec
692 3366 794 3445 atque
813 3363 877 3429 alia
896 3365 1058 3446 ejusmodi
1076 3365 1273 3430 testimonia
1293 3363 1423 3429 credere
1440 3360 1512 3438 licet,

383 3471 471 3535 inter
501 3486 541 3535 ea
571 3471 691 3550 quibus
723 3469 916 3536 Christiana
945 3470 1057 3550 religio
1089 3488 1150 3535 sua
1178 3472 1293 3550 debet,
1326 3469 1405 3534 illud
1427 3466 1515 3531 etiam

383 3575 675 3640 annumerandum
705 3592 796 3652 esse,
829 3576 915 3657 quod
939 3576 1100 3655 imagines
1124 3575 1284 3657 Deorum,
1310 3593 1394 3655 quas
1415 3565 1515 3638 Graeci

382 3684 497 3747 mente
527 3682 773 3762 concepissent,
799 3699 925 3747 novam
947 3682 1111 3763 paulatim
1133 3698 1272 3763 eamque
1296 3681 1403 3746 multo
1425 3675 1515 3758 purio·

382 3805 455 3853 rem
486 3790 522 3853 et
554 3786 821 3853 excellentiorem
851 3787 995 3853 formam
1026 3787 1212 3870 induerint,
1239 3804 1304 3869 quo
1328 3780 1515 3851 factumest

382 3896 422 3959 ut
452 3894 622 3976 homines,
655 3910 761 3973 quum
792 3911 903 3959 novus
926 3894 1023 3975 quasi
1047 3895 1132 3960 color
1155 3895 1327 3960 veteribus
1352 3892 1455 3972 signis
1473 3886 1515 3951 ad·

383 3999 475 4064 ditus
506 4001 612 4080 esset,
646 3998 788 4064 desertis
812 3999 983 4064 veteribus
1006 3999 1216 4082 nominibus,
1243 4000 1410 4079 optimum
1431 3991 1514 4077 quod·

383 4122 448 4185 que
484 4105 687 4170 contulerint
722 4104 757 4168 in
780 4101 942 4169 Sanctum
966 4094 1097 4171 Nomen
1118 4105 1260 4170 Messiae
1284 4104 1514 4176 Hebraeorum,

347 4282 355 4293 ,
384 4214 437 4274 τοῦ
462 4219 611 4289 Σωτῆρος.
636 4208 828 4276 Verisimile
847 4212 901 4276 est
920 4210 981 4275 hoc
998 4210 1127 4276 factum
1144 4210 1248 4275 fuisse
1272 4210 1330 4275 diu
1350 4210 1516 4287 antequam

384 4319 545 4395 quartum
574 4314 794 4393 evangelium
827 4318 1090 4399 componeretur,
1116 4333 1222 4396 quum
1244 4314 1393 4380 doctrina
1415 4312 1453 4375 de
1472 4322 1515 4372 ve·

385 4422 514 4487 teribus
540 4422 618 4486 Diis
653 4421 689 4485 in
722 4421 784 4486 hoc
819 4420 900 4487 libro
932 4440 1000 4488 non
1031 4421 1247 4503 impugnetur
1281 4421 1335 4486 vel
1358 4420 1515 4486 refutetur.

384 4526 560 4593 Praeterea
594 4526 803 4609 conjicimus,
840 4528 952 4593 omnia
985 4528 1021 4593 in
1054 4529 1174 4594 lesum
1208 4528 1313 4595 fuisse
1349 4524 1512 4599 translata,
