3192 5325
650 532 712 596 281

117 711 180 776 tion
201 713 250 777 oft
271 714 368 778 mehr
387 714 512 793 geahnt
530 715 580 778 als
595 714 849 792 nachgewiesen
868 713 1048 777 werden.”.
1071 709 1259 776 Secundum

116 834 186 883 eum
208 818 349 904 „wollen
369 819 459 885 diese
478 820 586 884 Briefe
598 819 692 884 nicht
711 819 861 900 geloscn,
882 819 1027 884 sondem
1039 818 1165 883 studirt
1177 817 1258 882 sein.

117 925 149 987 ln
172 926 293 989 bunter
316 924 408 991 Firlle
432 927 579 1004 drangen
603 926 673 991 sich
697 922 1025 1003 Schwieriglroiten.”

156 1030 202 1095 De
225 1032 428 1112 quibusnam
451 1032 513 1097 hoo
535 1032 662 1095 dictum
686 1032 766 1095 est?
802 1031 892 1095 Num
915 1031 956 1095 de
978 1028 1260 1110 disputationibus

115 1138 365 1218 philosophicis?
386 1138 477 1202 Num
497 1138 581 1202 forte
601 1138 641 1203 de
660 1137 809 1202 Pasmlis
827 1136 1260 1210 Schediasmate,currente

114 1242 232 1307 calamo
255 1244 456 1309 festinanter
486 1243 521 1307 in
552 1241 707 1307 codicillis
733 1246 886 1324 exarato,
920 1243 1028 1320 magis
1059 1242 1100 1305 ut
1122 1240 1259 1320 philoso-

114 1349 194 1428 phus
218 1348 281 1413 sibi
304 1348 370 1428 ipsi
393 1366 456 1413 sua
479 1348 674 1431 explicaret,
705 1366 807 1429 quam
831 1352 872 1413 ut
892 1348 974 1413 alios
996 1348 1152 1412 doceret?
1187 1347 1259 1410 imo

113 1454 151 1517 de
183 1455 338 1534 epistulis
373 1470 482 1520 sermo
518 1454 574 1534 fit,
611 1454 651 1517 de
685 1454 840 1534 epistulis
874 1455 916 1518 ad
949 1453 1105 1519 ecclesias
1143 1469 1259 1516 recens

113 1560 260 1625 conditas
285 1560 492 1640 minimeque
515 1559 721 1641 philosophia
742 1560 909 1640 imbutas;
934 1561 974 1624 de
996 1557 1150 1639 epistulis
1172 1558 1259 1622 deni-

112 1681 173 1744 que
206 1666 401 1746 compositis
424 1668 465 1730 ab
489 1683 541 1748 eo,
567 1666 624 1746 qui
648 1664 774 1730 nullam
801 1665 864 1730 sibi
888 1668 1020 1743 arrogat
1049 1665 1257 1744 sapientiam.

114 1770 192 1850 Quid
222 1774 339 1837 autem
364 1773 617 1837 demonstratur
640 1788 680 1836 ea
700 1772 919 1838 Holtzmanni
942 1771 1178 1851 descriptione,
1203 1770 1261 1850 qui

113 1876 204 1940 novit
239 1877 440 1958 interpretes
476 1895 592 1943 omnes
626 1879 755 1959 sibique
789 1878 958 1959 persuasit
991 1877 1153 1956 genuinas
1186 1894 1260 1941 esse

111 1998 222 2047 omnes
246 1983 341 2047 Pauli
364 1983 423 2053 τὰς
444 1984 718 2060 ὁμολογουμέναςὶ)

155 2088 355 2169 Depingitur
378 2095 459 2157 ante
479 2092 589 2157 oculos
609 2095 741 2156 nostros
760 2091 884 2155 Paulus
903 2091 1055 2171 quidam,
1080 2090 1138 2171 qui
1155 2090 1260 2156 otiam

113 2196 281 2261 scribendo
303 2197 434 2278 docere,
457 2198 642 2278 exhortari,
664 2198 842 2276 consolari,
864 2214 988 2261 novam
1004 2196 1143 2277 denique
1162 2197 1261 2260 fidem

112 2318 290 2382 propagare
321 2302 492 2383 cupiebat,
524 2321 584 2367 nec
613 2307 729 2367 tamen
765 2303 924 2368 didicerat
955 2303 1113 2382 scribere3
1145 2301 1261 2382 quiin

111 2406 288 2487 scriptione
319 2408 361 2472 ad
385 2408 536 2473 indoctos
560 2409 718 2473 utebatur
748 2408 970 2474 locutionibus
996 2408 1143 2473 obscuris
1166 2408 1260 2473 mini·
1380 2486 1382 2489 ¹

110 2530 226 2593 meque
249 2512 446 2595 intellectis,
471 2532 558 2594 quae
581 2515 685 2579 etiam
716 2532 778 2579 nos
803 2531 876 2578 sero
900 2516 999 2579 116166
1023 2514 1150 2578 frustra
1170 2530 1258 2577 exer·

109 2623 193 2686 cent.

152 2727 288 2792 Nemini
314 2730 404 2792 certe
428 2728 506 2792 talis
531 2729 640 2807 imago
666 2730 794 2809 placere
818 2731 930 2808 potest
951 2729 1066 2808 itaque
1087 2708 1272 2826 argumens

109 2836 183 2899 tum
208 2838 262 2900 est
290 2835 377 2915 qnod
406 2836 448 2899 ab
470 2838 613 2914 utraque
635 2838 731 2915 parte
754 2835 955 2914 interpretes
987 2833 1169 2899 concludit:
1201 2836 1262 2896 out

109 2940 272 3018 genuinae
303 2941 466 3021 epistulae
498 2944 595 3022 sunt,
622 2942 697 3022 sed,
731 2943 910 3021 postquam
940 2940 996 3004 diu
1019 2940 1260 3004 1116116166]-

110 3047 231 3110 datum·
253 3047 332 3126 fuit,
359 3064 426 3111 non
450 3046 535 3110 satis
559 3047 676 3124 dignae
701 3049 782 3111 sunt
805 3063 890 3126 quae
913 3062 1044 3124 semper
1066 3046 1108 3108 ab
1131 3045 1260 3123 integro

109 3150 280 3232 legantur3
317 3155 393 3234 661,
432 3152 461 3216 61
491 3153 624 3232 quidem
660 3155 773 3217 nostro
805 3152 969 3216 indefesso
999 3151 1111 3216 studio
1142 3151 1259 3229 dignae

108 3261 207 3337 sunt,
241 3257 456 3322 obscuritatis
480 3257 568 3322 illius
599 3259 687 3337 origo
717 3275 783 3323 non
808 3259 987 3339 repetenda
1011 3260 1064 3321 est
1087 3274 1130 3320 ex
1161 3257 1259 3336 scrip-

108 3363 191 3427 toris
227 3363 411 3445 imperitia,
447 3363 503 3427 sed
540 3380 583 3427 ex
618 3363 728 3427 hiulca
763 3364 1011 3443 compositione.
1059 3364 1187 3445 Nempe
1217 3380 1260 3429 ne

108 3472 190 3534 sunt
214 3469 348 3550 quidem
373 3469 552 3550 epistulae,
579 3470 637 3534 sed
661 3469 920 3549 compilationes

153 3575 422 3640 Holtzmannum
451 3574 480 3639 si
501 3576 685 3657 sequimur,
710 3576 787 3640 vide
807 3573 999 3640 historicam
1017 3576 1259 3658 interpretatio·

108 3699 201 3764 nem,
228 3683 268 3744 ut
291 3681 365 3760 ipsa
389 3698 449 3745 suo
474 3697 510 3745 se
533 3681 638 3758 gladio
658 3681 798 3763 jugulet.
823 3681 1256 3764 Epistularumexplicatio,

108 3786 234 3869 inquit,
260 3786 403 3866 petenda
427 3788 482 3851 661
512 3804 555 3851 ex
578 3787 719 3850 historia
750 3787 931 3868 temporis,
965 3804 1029 3866 quo
1053 3786 1259 3866 conscriptae

108 3895 200 3956 sunt.
237 3892 356 3970 ltaque
386 3891 538 3972 sequitur
571 3892 777 3972 conscriptas
801 3908 874 3956 esse
898 3892 1084 3974 Epistulae,
1117 3893 1261 3957 11166111·

108 3997 231 4077 aliquid
275 3997 465 4061 traderetur
508 3999 605 4060 certis
639 3998 838 4079 quibusdam
870 3996 1058 4062 lectoribus.
1104 3998 1258 4077 Optime!

109 4103 282 4184 Quodnam
317 4106 371 4166 est
405 4103 508 4180 igitur
539 4103 769 4182 Epistularum
803 4107 1042 4182 argumentum
1072 4106 1108 4167 et
1139 4104 1260 4184 quibus

109 4208 248 4272 tandem
272 4207 469 4271 mortalibus
493 4208 680 4273 destinatae
704 4209 813 4273 sunt?

150 4312 217 4376 Hic
248 4311 449 4392 interpretes
480 4313 515 4376 in
543 4312 676 4378 diversa
699 4315 827 4378 abeunt
857 4318 892 4379 et
923 4332 984 4379 sua
1012 4315 1132 4396 cuique
1162 4317 1259 4383 unice

108 4419 262 4497 placent;
299 4433 361 4481 nos
394 4421 511 4482 autem
548 4419 774 4485 destituimur.
811 4421 933 4484 itane?
968 4420 1185 4501 Deposcimur
1219 4428 1259 4487 ut

108 4523 312 4606 explicemus
348 4525 509 4610 temporis
552 4525 681 4590 ratione
717 4526 852 4608 habita,
890 4527 1126 4608 scriptionem,
1163 4528 1259 4591 cuius
