3192 5325
639 554 704 617 163

86 736 314 815 confidentes,
339 754 359 802 o
382 736 440 818 qui
461 737 584 818 ubique
602 740 769 803 terrerum
787 739 831 805 ad
850 738 1116 819 desperationem
1134 755 1239 819 usque

85 843 281 921 erigimini,
313 844 372 909 sed
400 846 496 909 trans
525 844 663 909 ultimas
694 846 802 910 terras
833 844 1004 925 muriaque
1026 843 1148 909 ultima
1170 860 1238 909 cur-

86 949 234 1014 rendum
257 952 326 1032 est,
351 951 393 1014 ut
415 949 638 1032 cognoscatis,
665 950 741 1031 quis
764 949 904 1015 taudem
926 949 980 1015 ille
1003 949 1093 1015 Deus
1117 950 1173 1015 sit.

136 1056 217 1121 Vss.
253 1057 294 1120 16
325 1058 361 1121 61
394 1057 435 1121 18
466 1056 621 1121 videmus
649 1055 830 1121 ministerii
859 1055 944 1121 lines
973 1058 1046 1121 tam
1076 1056 1180 1138 latoj

85 1166 295 1242 propagatos
324 1162 446 1238 fuisse,
479 1166 520 1227 ut
550 1162 735 1229 necessario
757 1162 799 1228 ad
822 1162 920 1243 paulo
944 1163 1067 1228 seriore
1089 1165 1241 1243 tempore

85 1261 294 1351 referamur,
326 1286 388 1334 neo
422 1270 584 1335 miramur
606 1269 782 1350 pericopen
806 1269 856 1335 ite
877 1272 1095 1335 retractatam
1118 1268 1238 1353 fuisse,

85 1377 130 1438 ut
159 1375 377 1441 sacerdotalis
406 1376 484 1441 ordo
511 1377 583 1458 jam
613 1376 814 1443 hierarchice
843 1377 1053 1441 constitutus
1075 1376 1239 1442 videatur.

85 1481 289 1547 Redectoris
319 1482 497 1548 consilium
527 1482 694 1564 imprimis
722 1483 934 1562 cognoscitur
965 1482 1093 1549 verbis:
1118 1481 1171 1545 ἐὰν
1195 1483 1238 1556 μὴ

86 1587 293 1653 deocarum
318 1595 379 1666 (vs.
408 1588 472 1671 15).
497 1589 574 1654 iem
600 1588 843 1671 impugnentur
865 1588 912 1653 illi
935 1588 993 1670 qui
1015 1591 1130 1669 postea
1153 1587 1241 1653 Mon-

85 1696 241 1761 tenistee
263 1694 372 1760 11111111
393 1699 486 1760 sunt.

135 1801 219 1867 Vss.
245 1802 396 1884 19-21,
416 1801 469 1866 uti
486 1818 634 1883 acquum
650 1805 720 1884 ost,
742 1800 917 1867 referimur
935 1801 978 1867 ad
996 1800 1241 1885 fragmentum,

86 1906 182 1971 unde
206 1907 355 1972 desumti
378 1924 449 1972 vss.
470 1909 511 1991 9,
536 1908 696 1972 30-332.
719 1907 802 1973 Post
825 1909 916 1991 10,1
939 1906 1164 1973 collocandum
1183 1906 1241 1990 11,

88 2010 144 2078 lb:
170 2011 239 2095 (xci
264 2013 327 2092 γὰρ
346 2050 378 2059 -
398 2011 566 2096 Βενιαμίν).
679 2020 683 2025 ’

618 2218 638 2291 5
664 2214 715 2278 11.

476 2382 657 2447 Tradetur
680 2385 781 2465 caput
803 2382 869 2448 XI.

135 2550 223 2616 Post
254 2568 305 2616 vs.
334 2551 381 2631 11,
412 2568 513 2631 quem
537 2551 702 2615 Redaotor
724 2550 868 2630 addidit,
893 2553 934 2615 ut
957 2550 1018 2616 hoc
1042 2554 1144 2631 caput
1167 2566 1244 2615 cum
1315 2584 1318 2591 Δ

87 2657 265 2739 superiore
288 2657 520 2742 conjungeret,
547 2658 710 2723 hebemus
733 2656 802 2722 duo
816 2656 1022 2737 fragmenta:
1043 2675 1112 2724 vss.
1134 2657 1245 2723 2—10

86 2767 125 2828 et
150 2781 205 2829 vs.
233 2764 376 2828 11-36.

137 2869 296 2935 Primum
318 2871 562 2953 fragmentum,
588 2869 688 2935 sicuti
712 2887 782 2951 cap.
809 2870 846 2951 9,
873 2871 1001 2951 6-16;
1028 2870 1245 2953 24-29‚est

87 2975 163 3054 περὶ
190 2979 245 3039 τοῦ
269 2975 504 3053 ὑπολείμματος
530 2979 566 3042 el
591 2975 799 3042 concluditur
821 2971 866 3038 ὅτι
891 2976 944 3039 οὐκ
967 2975 1117 3040 ἀπώσαιτο
1140 2976 1155 3038 o‘
1180 2973 1243 3047 θεὸς

87 3083 146 3147 τὸν
173 3083 250 3148 λαὸν
276 3085 381 3166 αὐτοῦ,
405 3082 566 3166 6116111111,
596 3082 744 3163 11-36,
770 3082 877 3178 multo
895 3081 1027 3161 longius
1039 3081 1246 3164 progreditur

88 3195 128 3256 et
155 3192 222 3260 πῖις
247 3186 518 3267 ’1611111111011111
541 3187 738 3260 σωθήσεσθαι.
1280 3187 1282 3192 ’

136 3297 225 3363 Post
254 3314 406 3378 eaquae
435 3297 475 3360 de
505 3313 593 3361 nono
626 3295 734 3376 capite
770 3295 935 3376 diximus,
961 3311 1246 3376 supervacaneum

86 3408 147 3470 est
168 3403 276 3468 dicere
296 3404 337 3468 de
358 3404 415 3486 11,
439 3403 559 3467 2-10.
583 3401 828 3467 convenientia
848 3401 990 3467 duarum
1018 3402 1246 3484 pericoperum

86 3510 186 3577 haud
204 3508 278 3574 leve
298 3510 539 3574 documentum
557 3507 745 3572 sententiae
757 3524 861 3589 quem
871 3507 1085 3573 instituimus
1098 3510 1245 3590 probare.

88 3620 155 3684 Vs.
186 3617 245 3695 11,
272 3617 313 3679 10
336 3615 532 3697 pervenitur
554 3613 669 3679 eodem
694 3631 758 3694 quo
775 3615 848 3696 jem
867 3618 1068 3695 perventum
1086 3615 1197 3680 fueret
1214 3617 1244 3695 9,

87 3725 157 3804 293
193 3721 280 3802 quod
313 3737 395 3786 sane
417 3719 604 3786 incredibile
627 3721 725 3803 foret,
750 3719 780 3785 si
803 3722 845 3785 ab
868 3739 935 3786 uuo
956 3722 1114 3804 scriptore
1135 3721 1247 3788 omnia

86 3845 165 3894 uno
187 3830 304 3892 tenore
324 3826 510 3909 perscripta
535 3828 660 3891 essent.

136 3935 183 4000 In
208 3934 313 3998 altero
335 3933 523 4012 fragmento
550 3933 607 4013 11,
635 3931 783 4014 11-36,
817 3933 981 3999 deseritur
1004 3934 1161 4000 doctrine
1178 3932 1245 4012 περὶ

87 4045 147 4107 τοῦ
176 4040 414 4115 detrectanctes
438 4041 473 4105 61
499 4038 650 4104 Gentiles
673 4039 850 4123 docentur,
875 4039 930 4123 (cf.
956 4059 1007 4106 vs.
1036 4041 1088 4118 13)
1113 4033 1159 4102 ὅτι
1183 4041 1246 4113 πῖις

90 4145 226 4226 Ἰσραὴλ
252 4146 432 4220 σωθήσεται.

141 4253 211 4333 Qui
234 4252 315 4317 haec
339 4251 472 4333 scripsit
496 4250 655 4330 glorietur
677 4251 763 4331 quod
785 4251 827 4315 od
853 4251 1003 4318 Gentiles
1026 4253 1152 4319 missus
1176 4255 1245 4335 est,

87 4366 132 4428 ut
157 4358 264 4425 lsrael
286 4359 322 4423 in
344 4358 507 4423 invidiam
537 4357 677 4422 veniret.
713 4356 777 4420 Hic
802 4357 905 4436 igitur
922 4358 1073 4424 laborum
1092 4360 1170 4425 finis
1194 4361 1248 4426 est

87 4467 230 4536 israelis
262 4465 364 4531 selus,
393 4465 524 4546 Lapsus
547 4465 601 4528 est
625 4461 742 4542 Israel,
768 4465 827 4528 sed
851 4464 991 4530 minime
1013 4466 1054 4530 de
1078 4469 1172 4532 statu
1196 4466 1247 4530 de·

85 4577 206 4660 jectus
229 4575 300 4654 est;
326 4571 409 4653 quin
431 4573 468 4636 et
489 4569 570 4635 adeo
594 4586 661 4634 non
684 4568 833 4650 dejectus
855 4575 911 4638 est
933 4575 973 4637 ut
995 4573 1145 4638 Gentiles
1164 4570 1248 4638 solvi
