3192 5325
676 513 719 579 23

125 699 311 780 proprium.
341 700 417 765 Non
448 717 624 765 monemur
654 719 705 766 16.
731 702 763 766 3’
776 720 819 768 16
842 718 863 765 a
886 699 1018 768 Christo
1041 701 1275 768 desciscamus.

24 802 32 817 ‘
125 805 166 868 ‘0
191 805 403 882 ἀντικείμενος
425 825 477 873 16
500 808 521 872 4
545 824 613 872 non
636 807 718 874 Filio
740 808 802 874 Dei
824 809 970 893 resistit,
998 809 1056 876 sed
1080 808 1275 890 ὑπεοοοίρετοιο

125 911 177 974 ἐπὶ
200 911 309 976 πάντα
331 912 498 989 λεγόμενον
519 912 600 990 θεόν,
622 932 730 996 neque
741 914 915 982 eeclesiam
926 917 1117 998 oocupavit‚
1131 918 1189 982 sed
1200 917 1274 998 ipsa

126 1017 224 1085 sedet
255 1021 292 1085 in
322 1021 412 1085 aede.
445 1019 506 1086 Vs.
538 1022 558 1085 8
584 1021 679 1098 κύριος
705 1023 878 1102 superabit
900 1040 969 1087 non
990 1023 1091 1088 verbo
1115 1040 1193 1104 suo,
1218 1024 1277 1088 sed

126 1125 251 1205 spiritu
283 1126 360 1192 oris.
385 1125 611 1202 Ἀνοολλύμενοο
642 1128 798 1192 dicuntur
826 1145 878 1193 vs.
905 1127 947 1192 10
965 1164 997 1174 —
1022 1131 1178 1210 potestne
1200 1129 1276 1210 quis

126 1232 237 1309 magis
267 1232 441 1298 indefinite
471 1233 635 1314 10111111-
654 1234 711 1315 qui
740 1251 809 1299 non
840 1234 965 1300 habent
988 1234 1042 1306 ritu
1065 1232 1195 1311 ἆγοὶπην
1219 1241 1274 1306 τῆς

127 1336 287 1410 ἀληθείαις.
322 1338 383 1405 VS.
410 1339 602 1421 12166111
624 1340 669 1415 μὴ
693 1339 894 1411 nectimur
918 1341 1165 1422 exspectaverit
1188 1341 1274 1422 quis·

126 1443 222 1524 piam
252 1444 294 1523 νῷ
321 1445 518 1524 εὐαγγελίῳ,
544 1447 602 1512 sed
626 1445 722 1512 valde
745 1447 870 1512 mirum
893 1449 946 1512 est
969 1447 1055 1529 quod
1078 1446 1214 1512 additur
1236 1456 1274 1528 τῇ

128 1549 270 1633 ἀληθείᾳ.
294 1551 403 1616 Verbo
427 1555 467 1617 ut
493 1553 662 1618 dicamus:
686 1552 915 1636 apocalyptica
932 1552 1045 1619 omnia
1067 1553 1102 1617 in
1121 1553 1175 1619 1116
1197 1554 1274 1620 duo·

126 1657 237 1722 decim
270 1659 425 1724 versibus
459 1659 617 1725 desumta
651 1662 733 1725 sunt
760 1675 804 1723 611
834 1659 981 1726 Danielis
1012 1659 1206 1744 Vaticiniis,
1238 1661 1274 1726 in

127 1763 252 1845 quibus
295 1765 371 1829 vide
419 1783 512 1848 capp.
549 1767 671 1832 7-12.
706 1765 903 1840 ’Λποςοοοίοο,
936 1763 1106 1844 ἄνθρωπος,
1140 1764 1273 1849 ἀνομίαι,

127 1867 356 1944 ἀντικείμενος·
381 1889 446 1952 quo
462 1888 565 1937 sensu
586 1875 667 1937 nota
686 1872 848 1937 vocabula
866 1872 920 1937 hic
931 1871 1148 1948 adhibentur,
1163 1872 1274 1938 omnia

125 1975 301 2041 fluxerunt
324 1994 377 2042 ex
413 1977 535 2042 Vetere
567 1978 793 2044 Testamenta
826 1977 974 2043 Judaeus
1005 1978 1207 2043 iudaeorum
1238 1979 1272 2043 in

125 2082 273 2160 gratiam
294 2082 444 2163 depingit
461 2101 563 2164 quam
583 2083 727 2165 appellat
747 2081 863 2161 ἡμέραν
875 2087 928 2146 τοῦ
942 2082 1051 2162 κυρίου.
1073 2082 1275 2164 Supervenit

124 2187 254 2253 Paulus
273 2188 456 2271 Episcopus
475 2189 667 2272 addiditque
677 2190 818 2257 colorem
829 2190 1058 2256 Obristiannm
1068 2189 1274 2255 adnectendo

126 2292 202 2372 ὑπὲρ
228 2301 283 2367 τῆς
309 2295 478 2373 παρουσίας
503 2297 566 2379 xri,
595 2299 624 2380 2,
653 2298 669 2361 1
696 2300 732 2362 61
753 2299 785 2360 οὐ
810 2295 1017 2374 μνημονεύετε
1041 2295 1095 2358 11τὲ
1118 2313 1170 2362 vs.
1194 2297 1225 2360 6.

196 2400 274 2466 Jam
300 2402 376 2467 vide
400 2404 562 2483 quomodo
592 2405 633 2470 de
661 2405 742 2468 Jesu
771 2403 943 2484 persuasio
973 2403 1070 2484 quasi
1091 2403 1127 2467 in
1150 2401 1273 2467 animis

126 2507 304 2573 hominum
327 2513 496 2574 nascatur.
520 2509 590 2590 Quo
614 2509 667 2574 die
685 2510 829 2590 prodibit
847 2509 957 2575 Homo
974 2509 1062 2590 apud
1082 2507 1271 2590 Danielem,

124 2613 191 2678 erit
221 2613 275 2679 ille
306 2615 377 2681 dies
408 2615 492 2700 irae,
526 2632 593 2682 non
626 2619 801 2682 extremus
832 2615 918 2697 dies,
944 2633 1012 2682 non
1034 2614 1105 2681 dies
1127 2614 1274 2697 supremi

121 2720 238 2802 judicii
260 2721 403 2787 necdum
423 2722 558 2805 jnstitia
581 2724 622 2789 de
645 2723 800 2788 omnibus
819 2721 1019 2789 adversariis
1031 2721 1272 2802 triumphabit3

124 2826 184 2889 sed
219 2826 392 2907 quiescent
422 2827 668 2909 aliquantulum
699 2828 869 2894 Israelitae
898 2828 954 2911 qui
978 2828 1046 2893 Deo
1069 2827 1273 2893 confidentes

125 2933 279 2997 extrema
309 2932 398 2998 mala
421 2935 568 3016 perpessi
591 2938 673 3000 sunt
696 2934 803 3015 iisque
824 2933 1052 3000 satisdabitur.
1088 2934 1197 2998 Homo
1219 2937 1274 2999 est

125 3037 185 3117 qui
206 3038 333 3119 prodit;
358 3039 480 3122 accipit
501 3056 643 3119 regnum
666 3040 763 3117 (Dan.
788 3041 819 3122 7,
848 3040 903 3125 14)
928 3040 1028 3104 simul
1051 3056 1130 3104 cum
1146 3040 1273 3105 sanctis

124 3149 187 3219 (vs.
216 3144 282 3224 18),
296 3145 353 3225 qui
364 3144 456 3211 nulla
474 3147 510 3211 in
530 3164 566 3212 re
585 3148 757 3213 inferiores
773 3147 954 3229 imperium
965 3146 1176 3228 retinebunt,
1190 3146 1273 3211 adeo

125 3251 167 3313 nt
190 3265 241 3314 vs.
267 3250 308 3314 21
329 3252 542 3332 adversarius
560 3254 659 3319 unice
679 3253 843 3319 adversus
863 3255 998 3319 sanctos
1018 3250 1144 3317 bellum
1163 3254 1271 3334 gerat;

124 3357 298 3435 praeterea
332 3357 444 3422 confer
472 3359 510 3442 8,
547 3361 588 3425 13
624 3363 659 3425 et
692 3359 821 3425 videbis
852 3358 1069 3439 neutrubique
1094 3359 1276 3425 Hominem

122 3459 281 3542 appellari
312 3479 412 3542 quem
441 3464 608 3545 Propheta
631 3466 841 3547 praedixerat
866 3466 895 3548 7,
925 3464 976 3529 14.
1002 3465 1191 3529 Aeternum
1212 3464 1272 3529 im·

123 3566 252 3646 perium
276 3572 492 3651 aeceperunt,
516 3573 551 3636 et
574 3574 691 3636 tamen
709 3572 819 3636 Homo
839 3588 917 3636 cum
938 3570 1071 3636 Sanctis
1083 3570 1124 3635 ad
1135 3572 1271 3653 tempus

123 3672 373 3753 superabuntur
397 3674 461 3755 (16.
484 3678 548 3753 21).
573 3676 638 3742 Diu
656 3678 733 3759 post
753 3678 891 3741 demum
909 3676 999 3741 Deus
1019 3677 1203 3742 secundum
1214 3694 1271 3743 666

122 3778 356 3859 pronunciabit
388 3779 471 3864 (166.
508 3785 550 3848 22
580 3787 616 3848 61
648 3782 784 3847 216611.
809 3800 860 3847 16.
886 3781 1067 3865 26)61616
1090 3782 1138 3847 sic
1162 3783 1271 3848 sancti

121 3900 200 3949 cum
218 3886 292 3967 ipso
309 3887 461 3953 'Homine
484 3906 503 3953 6
525 3889 710 3972 Prophetae
731 3889 861 3954 visione
880 3892 1088 3954 evanescunt
1107 3888 1271 3955 stlocum

121 3990 247 4058 cedunt
269 3993 336 4059 toti
358 3994 478 4077 populo
502 3996 581 4077 Dei,
606 3996 663 4078 qui
686 4012 841 4078 supremo
864 3996 916 4060 die
940 3995 1081 4061 victoria
1113 3995 1269 4077 potietur.

167 4100 279 4165 Homo
309 4099 367 4172 ille,
393 4102 449 4166 vel
479 4101 584 4168 Filius
611 4102 785 4175 Hominis,
810 4119 911 4183 quem
933 4100 1050 4167 Daniel
1076 4102 1127 4182 10,
1156 4095 1196 4164 16
1220 4118 1270 4166 sa·

120 4205 210 4271 lutat
229 4209 265 4271 et
284 4206 382 4284 κύονον
393 4208 555 4291 appellat,
569 4209 650 4274 adeo
662 4226 729 4273 non
741 4210 794 4273 est
808 4207 958 4273 omnium
970 4224 1083 4273 rerum
1094 4207 1269 4283 1161111116,

121 4314 162 4377 ut
187 4312 327 4378 Michael
346 4315 410 4396 (10,
440 4314 480 4378 13
505 4317 540 4379 61
565 4314 621 4399 21)
645 4314 676 4379 61
697 4313 821 4379 auxilio
843 4314 959 4379 veniat
967 4335 975 4395 3
999 4313 1067 4379 imo
1089 4331 1140 4378 16.
1164 4313 1268 4395 12,1.

122 4417 263 4483 Michael
294 4420 447 4502 princeps
478 4415 547 4494 661,
582 4421 639 4501 qui
663 4419 768 4485 stabit
791 4437 851 4499 pro
873 4418 950 4485 filiis
974 4418 1086 4501 populi
1104 4420 1268 4501 oppressi,

123 4540 188 4605 quo
211 4527 361 4606 tempore
381 4525 532 4591 salutifer
551 4526 621 4603 dies
638 4525 747 4590 aderit
766 4526 802 4589 et
814 4524 1019 4604 evigilabunt
1031 4524 1087 4606 qui
1099 4525 1269 4590 dormiunt
