3192 5325
607 567 671 631 113

86 754 141 830 est,
169 769 228 832 qno
261 751 383 816 melius
413 749 448 814 id
471 751 677 830 assequatur,
703 747 790 828 quod
813 747 876 812 sibi
899 747 1122 830 proposuerit,
1147 741 1208 813 'nec

86 856 215 922 calidum
246 857 425 923 consilium
455 856 626 921 hominem
658 854 887 919 Christianum
918 855 1073 919 dedecere
1097 855 1208 919 existi-

86 965 144 1027 mat
155 962 186 1046 1).
210 965 282 1028 Hoc
302 964 400 1028 modo
420 963 552 1042 legatus
571 961 652 1026 Jesu
669 960 761 1025 niam
775 961 983 1042 praeparabit
997 956 1041 1037 ²).
1055 961 1208 1043 Egregie,

86 1069 165 1132 modo
192 1087 232 1134 ne
264 1069 339 1150 quis
371 1070 547 1149 susceptae
570 1083 729 1148 personae
752 1065 985 1158 obliviscatur!
1013 1066 1084 1130 Hoc
1107 1066 1210 1143 igitur

86 1176 179 1240 animo
209 1176 343 1254 agitans
376 1175 472 1239 venit
506 1174 548 1238 ad
579 1172 776 1256 Ecclesiam,
812 1172 869 1236 ubi
897 1172 968 1253 jam
991 1171 1044 1236 alii
1070 1171 1210 1252 apostoli

87 1297 146 1346 sese
175 1282 215 1345 ad
244 1282 391 1346 laborem
420 1280 651 1357 accinxerant,
684 1280 828 1343 audaces
856 1278 921 1342 viri
950 1279 1006 1358 qui
1035 1278 1147 1342 fideles
1175 1279 1210 1342 in

86 1388 211 1452 ordinem
240 1391 366 1467 cogunt
398 1387 504 1467 iisque
535 1386 725 1450 militariter
748 1386 929 1467 imperant,
957 1384 1039 1450 meri
1063 1388 1209 1468 tyranni.

86 1493 246 1576 Episcopus
265 1497 380 1560 noster
399 1493 518 1557 induat
536 1492 614 1556 11111
633 1492 749 1557 eadem
766 1508 877 1572 arma,
900 1491 1007 1572 impar
1024 1493 1211 1558 esttalibus

87 1599 277 1666 adversariis.
301 1601 353 1665 Ut
375 1602 545 1664 certamen
568 1601 678 1680 paret,
704 1600 824 1677 sponte
848 1596 996 1662 latitabit
1019 1598 1055 1662 11
1073 1601 1208 1665 umbra!

86 1704 169 1769 Plane
196 1707 364 1770 diversam
394 1705 511 1769 induet
542 1721 730 1785 personam.
760 1703 860 1767 initio
884 1703 1046 1768 minimus
1068 1705 1211 1770 fratrum

87 1813 159 1890 erat,
188 1813 283 1876 ouius
315 1829 414 1876 nemo
444 1811 610 1874 rationem
632 1809 793 1874 habebat:
818 1825 898 1873 mox
921 1809 1058 1874 confidit
1080 1811 1147 1876 iore
1171 1814 1212 1875 ut

86 1915 218 1982 homines
252 1917 500 1998 persentiscant
535 1917 701 1996 quantum
736 1915 841 1980 distet
875 1917 917 1980 ab
952 1915 1016 1980 illis
1047 1935 1212 1999 11111111

87 2021 185 2086 lesum
207 2025 414 2104 anteponant
438 2021 608 2087 doctrinae
631 2021 857 2101 apostolorum
877 2021 1008 2087 illomm
1026 2023 1212 2104 imperioso-

87 2145 157 2192 rum.
180 2130 246 2196 Nec
269 2134 385 2195 tamen
409 2131 523 2194 tenere
546 2130 660 2209 potest
681 2128 749 2193 tale
769 2129 978 2208 propositum
998 2129 1070 2194 sine
1091 2147 1212 2208 magno

88 2235 249 2300 certamine
273 2235 360 2316 quod
383 2235 503 2299 intimo
527 2235 659 2315 pectore
682 2234 781 2315 gerit,
808 2233 913 2297 animi
936 2225 1110 2300 affectibus
1134 2236 1212 2300 aori·
1239 2251 1241 2256 ’

87 2340 130 2402 ter
149 2341 420 2420 repugnantibus.
444 2339 594 2404 Parvum
614 2342 649 2403 et
668 2337 845 2416 ignobilem
865 2338 993 2422 uirum,
1015 2358 1121 2420 quum
1132 2341 1213 2406 nihil

88 2446 177 2523 possit
204 2447 271 2511 nisi
302 2446 385 2510 mite
409 2448 510 2526 atque
534 2445 659 2509 humile
681 2444 853 2522 ingenium
878 2447 1094 2527 ostentando,
1116 2447 1215 2528 Juvat

87 2548 239 2618 interdurn
268 2552 381 2634 ipsum
405 2569 534 2642 quoque
556 2551 689 2616 illorum
713 2550 823 2615 instar
846 2567 923 2616 curn
946 2554 1133 2631 arrogantia
1156 2554 1213 2618 irn-

87 2673 199 2742 perare,
234 2659 310 2725 aliis
344 2657 556 2724 admirationi
589 2675 678 2737 esse,
715 2657 823 2722 metui
858 2657 1007 2739 denique.
1039 2659 1214 2725 Praeterea

87 2780 153 2829 eum
172 2768 304 2847 torquet
322 2756 466 2845 corporis
486 2765 626 2846 vitium,
649 2764 829 2829 molestum
850 2768 925 2830 turn
945 2766 1009 2830 sibi
1028 2768 1106 2831 tum
1125 2767 1213 2849 aliis3

86 2869 136 2935 hoc
156 2872 276 2937 vitium
298 2872 425 2951 trangit
448 2887 681 2951 quamcunque
700 2870 820 2951 habere
840 2872 1031 2953 ceteroquin
1050 2874 1215 2953 potuisset
1301 2866 1303 2871 ’

87 2978 323 3057 auctoritatem
357 2978 440 3043 haec
469 2994 548 3041 vero
573 2977 708 3041 nomine
732 2995 813 3042 crux
837 2980 907 3058 est,
933 2996 1012 3043 narn
1034 2979 1216 3045 identidem

86 3082 178 3146 sentit
198 3084 260 3149 sibi
283 3083 353 3148 alas
379 3083 537 3165 praecidi,
567 3100 672 3163 quum
692 3084 763 3165 jam
783 3088 1012 3150 renascantur.
1037 3086 1150 3152 Etiam
1167 3090 1216 3152 at·

87 3203 140 3266 que
161 3190 259 3255 etiam
284 3189 465 3255 Dominum
489 3192 653 3271 precatur,
678 3192 718 3254 ut
741 3207 824 3254 orux
847 3189 901 3255 illa
923 3192 965 3255 ab
989 3192 1137 3279 humeris
1157 3194 1215 3259 tol-

86 3291 171 3359 latur.
205 3295 333 3375 Quibus
367 3294 526 3361 fluctibus
556 3296 705 3373 agitatur
727 3296 862 3383 animus
886 3297 958 3361 sine
982 3298 1048 3362 fine
1068 3299 1215 3381 jactatus

87 3397 164 3464 inter
194 3402 417 3467 obedientiam
447 3404 483 3465 et
514 3402 739 3467 rebellionem!
768 3401 832 3467 Sed
860 3402 946 3467 redit
976 3405 1086 3486 quies,
1112 3423 1216 3486 quum

87 3507 219 3586 propriae
260 3506 363 3571 indoli
404 3507 643 3572 convenienter
676 3525 744 3573 non
777 3507 988 3573 extrinsecus
1022 3510 1217 3575 felicitatem

86 3613 200 3688 quaerit
222 3629 283 3677 nec
307 3612 418 3693 populi
441 3612 596 3691 plausum
620 3616 780 3693 venatur,
807 3613 864 3678 sed
888 3613 1072 3679 delectatur
1095 3616 1217 3681 unione

86 3718 216 3797 mystica
238 3735 316 3783 curn
340 3718 430 3782 Jesu.
455 3719 550 3783 Hanc
573 3719 665 3782 onim
688 3719 784 3783 novit
807 3736 971 3799 saepeque
993 3722 1127 3787 animus
1148 3741 1217 3803 pro·

86 3825 248 3898 pemodnm
270 3824 485 3905 triumphans
508 3826 605 3889 extra
623 3840 660 3889 se
678 3825 791 3905 ipsum
810 3826 956 3890 effertur.
980 3828 1217 3895 Libentissime

86 3930 276 4011 recordatur,
310 3948 412 4010 quam
437 3930 633 3994 excellentia
655 3931 798 4013 1111111,
825 3948 909 4012 quae
934 3932 1013 3997 olim
1035 3938 1116 3998 ante
1140 3954 1216 4016 qua-

87 4032 254 4101 tuordecim
285 4052 393 4100 annos
422 4036 535 4101 animo
566 4036 678 4101 videre
710 4036 772 4101 sibi
795 4038 891 4101 uisus
914 4038 969 4102 sit.
995 4038 1161 4119 Quomodo
1185 4043 1217 4107 id

87 4135 201 4205 lactum
234 4144 297 4222 111,
330 4142 428 4223 plane
458 4142 600 4221 ignorat.
633 4142 756 4207 Euitne
779 4142 914 4208 animus
937 4147 1019 4209 tunc
1042 4162 1062 4210 a
1086 4164 1218 4227 corpore

88 4249 272 4322 separatus?
295 4247 417 4311 Eritne
441 4248 595 4312 sublatus
617 4248 652 4311 in
673 4248 829 4312 excelsa?
853 4248 1013 4314 Ohoram
1034 4269 1219 4334 numquam

93 4408 249 4423 Q·-

122 4504 145 4569 1)
161 4508 214 4573 (111.
232 4509 271 4569 12,
291 4510 331 4559 16.

120 4588 144 4653 2)
160 4591 213 4656 Gap.
231 4592 270 4652 12,
290 4592 322 4641 10
339 4596 363 4641 ct
381 4593 421 4655 ll,
443 4591 466 4645 7.
