3192 5325
892 517 957 583 210

350 699 471 766 ceteris
493 699 615 765 Petrus
636 701 706 779 6ε1,
732 699 789 780 qui
812 701 929 780 postea
953 699 1052 781 sciet,
1077 698 1156 780 quid
1179 698 1279 764 Jesus
1302 696 1411 762 fecerit
1425 693 1489 779 (νε.

352 806 397 890 7).
421 805 480 870 lli.
504 805 632 871 Pedum
652 804 779 872 lavatio
803 805 993 870 destinatur
1015 808 1153 872 tantum
1173 809 1234 874 τοῖς
1254 800 1437 896 λελουμένος
1458 803 1492 864 61

352 913 493 992 καθαιρεῖν
517 912 582 997 (νε.
609 913 672 990 10).
695 912 755 978 IV.
779 911 939 993 Discipuli
961 911 1132 994 discipulis
1155 913 1217 978 hoc
1243 909 1388 976 efficium
1408 923 1492 988 prae·
1566 939 1568 943 v

350 1023 441 1087 Stare
471 1019 593 1084 debent
624 1017 724 1102 (ὑμεῖς
755 1016 901 1097 ίφείλετε
925 1017 1117 1090 νίλλνίλων
1141 1017 1259 1080 νίπτειν
1284 1013 1355 1084 τοὺς
1378 1011 1487 1094 adduc,

350 1144 402 1191 νε.
436 1126 499 1202 14).
530 1124 578 1188 Of.
613 1126 629 1189 i
654 1124 738 1189 Tim.
770 1125 800 1190 ὅ.
828 1124 884 1205 10,
909 1125 967 1190 ubi
998 1125 1119 1190 viduas
1146 1124 1247 1206 pedes
1277 1124 1392 1188 lavant
1421 1123 1490 1180 τῶν

351 1230 486 1307 ἁγίων.
523 1230 566 1296 V.
597 1230 689 1321 Quod
719 1229 864 1294 efficitur
886 1247 930 1294 611
954 1231 1054 1296 verbo
1078 1229 1228 1306 νίφεσθαι
1252 1227 1318 1313 (νε.
1347 1230 1395 1304 10)
1418 1226 1486 1291 6011.

350 1356 427 1403 cum
450 1336 566 1400 νίπτειν
589 1334 654 1419 (νε.
680 1336 1022 1419 12),16ε11(1100101111
1043 1337 1147 1402 etiam
1166 1338 1266 1400 semei
1286 1335 1491 1418 ipsoslavare

349 1446 503 1526 pessunt.
523 1444 564 1507 ln
582 1442 691 1507 medie
710 1443 812 1508 verbo
831 1443 928 1508 carde
948 1444 997 1508 rei
1009 1443 1165 1509 vertitur.
1190 1443 1249 1508 VI.
1264 1442 1362 1508 lesus
1374 1440 1491 1515 diserte

247 1559 251 1566 '
350 1552 509 1633 provocat
538 1549 582 1615 ad
612 1548 747 1614 honeris
777 1549 895 1614 titulos
920 1549 984 1633 (νε.
1013 1552 1179 1631 requam
1203 1566 1295 1614 nunc
1319 1544 1493 1628 separatim

349 1657 601 1723 consideramus
623 1673 644 1720 a
666 1672 718 1720 νε.
744 1655 797 1736 16,
822 1656 863 1719 de
885 1673 950 1737 que
974 1659 1051 1737 post
1075 1661 1237 1736 agemus).

395 1763 488 1828 Haec
511 1761 624 1827 omnia
645 1777 832 1841 numquam
855 1761 1033 1846 intelliget,
1057 1762 1115 1843 qui
1133 1761 1264 1840 vulgari
1282 1760 1406 1826 ratione
1425 1773 1494 1823 ver·

349 1870 402 1934 bis
431 1867 648 1934 adhaerescit.
695 1868 810 1948 Ipsam
840 1885 969 1950 quoque
1000 1886 1072 1934 rem
1103 1871 1275 1949 praeterea
1302 1869 1493 1948 stupemus:

349 1976 460 2056 posita
478 1976 575 2039 veste
594 1973 694 2038 Jesus
713 1976 883 2055 postrema
901 1977 998 2040 nocte
1017 1975 1169 2054 exemplo
1182 1973 1360 2054 discipules
1371 1971 1490 2050 docuit,

349 2080 453 2144 ctiam
464 2079 598 2144 servilia
608 2078 797 2144 ministeria
809 2078 968 2144 iratribus
980 2080 1181 2162 praestanda
1191 2096 1276 2144 esse.
1297 2075 1494 2156 Exemplum

351 2187 440 2250 certe
466 2183 587 2249 effectu
609 2183 734 2265 caruit,
759 2202 842 2250 narn
864 2188 1099 2266 praeterquam
1122 2184 1210 2266 quod
1233 2183 1336 2249 semel
1360 2183 1518 2262 quotan-

348 2290 403 2356 nis
421 2291 457 2354 in
477 2290 691 2355 monasteriis
711 2290 763 2355 uti
785 2294 821 2356 61
845 2292 971 2356 Romae
991 2293 1026 2356 et
1047 2291 1198 2358 Viennae
1217 2291 1255 2355 in
1275 2289 1363 2368 regia
1375 2285 1496 2352 extrui-

347 2398 404 2461 tur
433 2395 570 2461 ridicula
592 2412 834 2482 scena‚‚ncm0
858 2396 1007 2462 officium
1028 2397 1182 2481 deputat,
1209 2397 1295 2478 qued
1319 2393 1438 2460 melius
1462 2393 1496 2455 et

347 2501 459 2566 tutius
483 2518 580 2568 servo
602 2505 663 2568 1110
686 2503 872 2568 curandum
895 2504 1079 2570 mandabis.

392 2607 470 2674 Jam
494 2606 772 2693 Ohrysestcmus,
798 2609 910 2676 1011111.
937 2612 978 2676 19
1002 2611 1039 2675 irc
1058 2608 1166 2693 Epist.
1184 2610 1233 2676 061
1251 2609 1371 2695 Eplrca
1391 2609 1494 2675 latere

310 2749 314 2755 -
345 2714 530 2779 arbitratur
552 2714 744 2795 exemplum
763 2717 875 2781 mutui
895 2717 1012 2782 auxilii
1031 2716 1178 2783 fraterne
1197 2700 1492 2799 animcpraestiti,

346 2820 404 2885 sed
434 2819 645 2885 Athanasius
674 2822 719 2886 ud
748 2822 899 2888 Mouacb.
931 2842 1001 2906 cup.
1027 2823 1049 2887 7·
1070 2824 1179 2889 adhuc
1201 2824 1298 2889 11ον11
1320 2820 1495 2887 Hermiam

345 2925 528 3007 quendam,
549 2927 647 3008 qu'us
667 2928 764 3008 quasi
783 2928 930 2994 efficium
950 2930 1017 2994 fuit
1035 2926 1135 2993 λούειν
1148 2928 1217 3000 τοὺς
1231 2926 1390 3002 ἀνεξόδους
1404 2925 1493 3009 (quid

345 3032 407 3097 hec
430 3032 520 3108 6611)
540 3035 575 3096 61
597 3034 745 3113 aequalis
768 3034 841 3099 eius
861 3035 1006 3117 Cyrillus
1025 3036 1276 3101 Alexandrinus
1301 3038 1351 3118 12,
1379 3033 1421 3099 15
1445 3033 1495 3097 1ο

346 3139 469 3203 hannis
493 3140 594 3218 caput
620 3140 661 3203 13
685 3157 724 3204 60
747 3141 864 3222 refert,
886 3140 972 3221 quod
993 3140 1149 3207 Christus
1168 3143 1222 3207 est
1241 3142 1337 3223 quasi
1348 3140 1496 3205 medicus

345 3248 381 3309 et
415 3242 527 3316 νηπίων
560 3243 700 3309 amicus.
738 3245 825 3325 Quin
856 3250 891 3311 61
922 3246 994 3311 sine
1023 3246 1100 3311 ullis
1129 3248 1327 3325 ambagibus
1348 3245 1497 3327 loquitur

345 3350 560 3415 Bemhardus
590 3349 704 3415 Clarae
728 3351 834 3416 Vallis
859 3351 977 3428 (Serra.
1002 3354 1040 3417 ι’νι
1067 3352 1275 3417 0061111001.
1301 3351 1357 3425 ll:
1387 3350 1497 3437 „Nam

345 3458 386 3519 ut
415 3456 456 3519 de
486 3454 681 3520 remissione
711 3456 980 3537 quotidianorum
1003 3461 1217 3540 peccaterum
1240 3458 1379 3521 minime
1404 3456 1496 3521 dubi·

345 3562 475 3640 temus,
510 3559 674 3625 habemus
708 3562 781 3626 eius
816 3569 1066 3629 sacramentum
1098 3564 1218 3644 pedum
1255 3562 1495 3628 ablutionem.”

346 3664 603 3730 Sacramentum
625 3668 752 3731 mansit
774 3669 863 3749 apud
886 3670 1073 3751 cumplures
1096 3672 1207 3735 sectas
1229 3673 1265 3734 61
1284 3669 1372 3751 apud
1392 3670 1496 3737 Mera·

345 3770 420 3836 vies
439 3771 560 3835 fratres
579 3771 770 3851 baptismus
789 3773 899 3837 minor
916 3773 1066 3857 habetur,
1089 3776 1146 3839 sed
1167 3775 1258 3839 selus
1277 3775 1365 3841 inter
1378 3793 1498 3842 omnes

344 3877 378 3942 S.
402 3875 615 3941 Bernhardus
638 3894 710 3942 rem
733 3895 796 3943 acu
820 3879 946 3958 tetigit.

391 3983 455 4048 Η10
474 3984 575 4063 juvat
598 4000 793 4064 componere
816 3984 904 4051 lecos
928 3986 985 4066 qui
1008 3971 1214 4066 sequuntur:

345 4076 348 4081 ’
390 4087 886 4169 Evang.Joh.13,4:xar(rn-
989 4092 1082 4157 Flav.
1107 4092 1176 4157 Jos.
1201 4093 1302 4159 Vitae
1326 4097 1345 4171 g
1368 4095 1407 4159 2:
1443 4118 1498 4159 πν-

346 4193 431 4287 τοῦς)
442 4190 540 4266 τίίνσι
553 4191 596 4256 τίν
612 4192 745 4270 ίμνίτινι·
766 4213 818 4261 VS.
835 4197 893 4262 10:
951 4194 1073 4272 θίμενίς
1094 4220 1163 4260 τινιι
1176 4201 1289 4261 Βοινοῦν
1302 4195 1398 4275 ὄνομα
1411 4200 1500 4265 κατὰ

214 4305 216 4307 ’
326 4296 361 4362 ’ί
391 4297 571 4374 λελουμένος
603 4300 656 4363 οὐκ
687 4296 755 4381 ἔχει
778 4300 889 4380 χρείνιν
948 4301 1001 4374 rip
1033 4300 1160 4379 ἕρνμίνεν
1194 4302 1363 4382 διατρίβειν
1392 4302 1499 4381 ἐσθῆτι

347 4403 411 4469 κτέ.
771 4478 775 4484 .
949 4408 1005 4485 μὲν
1025 4408 1087 4471 abab
1107 4408 1228 4489 δένδρων
1247 4410 1426 4492 χρώμενον.
1444 4462 1454 4479 .
1470 4462 1498 4481 ..

949 4515 1061 4597 ψυχρῷ
1079 4516 1110 4581 δὲ
1127 4511 1216 4581 ὕδατι
1235 4517 1288 4592 τὴν
1303 4515 1418 4598 ἡμέραν
1444 4520 1499 4584 xci
