3192 5325
660 499 725 565 666
805 457 808 464 ’

113 678 173 741 161.
208 674 271 742 Sed
301 679 415 744 verius
445 682 563 745 estin
594 682 775 746 lectionum
799 682 1043 747 constitutione
1066 683 1259 762 omnia'per
1364 669 1366 674 ’

113 781 221 848 multa
256 785 387 850 saecula
420 787 512 852 iluna
546 790 582 853 et
616 788 744 853 incerta
774 788 900 853 fuisse:
930 788 1056 854 frustra
1079 789 1257 868 investiga·

112 889 182 968 tur,
208 906 293 969 quae
323 892 470 957 recensio
500 893 602 959 116111
636 894 672 958 16
703 895 884 977 archetypo
908 894 1008 975 libro,
1033 896 1122 960 unde
1145 898 1258 961 vetus-

111 994 236 1059 tissimi
260 994 396 1062 Codices
430 999 635 1066 derivantur.
667 1000 833 1065 Veterum
853 1000 981 1065 incuria
1004 1000 1100 1081 plane
1123 1001 1258 1065 incredi-

110 1099 184 1164 bilis
203 1099 278 1165 fuit.
303 1101 351 1166 De
370 1100 470 1170 Sacra
494 1103 665 1187 Scriptura
689 1107 805 1172 scribit
828 1107 1002 1186 Origenes:
1027 1106 1085 1168 vuol
1113 1106 1143 1169 δὲ
1170 1107 1259 1180 lnio-

112 1202 170 1269 νότι
197 1207 300 1279 πολλὴ
323 1206 449 1285 γέγονεν
475 1212 492 1284 ἦ
516 1217 574 1275 τῶν
599 1210 802 1290 ἀντιγράφων
826 1210 979 1293 διοιφοροὶ,
1005 1211 1068 1275 εἴτε
1087 1212 1150 1276 ἀπὸ
1170 1213 1258 1294 dutu-

110 1311 187 1387 μίοις
227 1319 313 1378 τινῶν
343 1315 508 1397 γραφέων,
540 1317 602 1382 εἴτε
638 1318 700 1383 ἀπὸ
731 1317 852 1395 τόλμης
891 1325 976 1383 τινῶν
1009 1321 1167 1400 μοχθηροῖς
1200 1328 1256 1394 τῆς

111 1416 286 1496 διορθώσεως
316 1419 419 1505 (οὔσης
451 1425 658 1509 supplemus)
684 1430 741 1488 τῶν
776 1424 997 1506 γραφομένων,
1030 1423 1093 1490 εἴτε
1118 1425 1170 1490 aa}
1195 1424 1258 1490 rint

112 1530 167 1587 τῶν
200 1524 243 1588 τοὶ
272 1527 393 1598 ἑαυτοῖς
425 1527 571 1594 δοκοῦντα
598 1530 628 1593 ἐν
659 1540 697 1611 τῇ
723 1529 867 1610 διορθώσει
891 1531 1136 1610 προσοιθέντοινῆ
1160 1533 1257 1612 ἀφορι-

111 1630 269 1708 ρουμένον.
302 1634 433 1700 Textus
461 1636 608 1716 legitime
640 1639 848 1705 constitutus
873 1656 1058 1720 numquam
1082 1639 1205 1704 1111161
1229 1639 1258 1704 si

111 1735 191 1821 11111,
218 1739 317 1819 periit
338 1758 399 1805 nec
423 1743 519 1808 nobis
542 1761 660 1808 norma
682 1761 757 1809 esse
782 1744 916 1825 poterit.
941 1743 1005 1809 Sed
1029 1745 1259 1827 imprudenter

49 1892 53 1898 .
113 1841 271 1928 fecimus,
307 1847 395 1927 qued
429 1852 667 1927 argumentum
701 1850 880 1929 attigimus
905 1850 992 1930 quod
1016 1851 1124 1914 tribus
1146 1850 1258 1915 verbis

111 1967 177 2015 non
204 1952 290 2017 satis
313 1957 403 2018 recte
427 1956 584 2036 explicari
606 1958 729 2036 potest.
754 1956 915 2021 Redimus
937 1956 979 2021 ad
1002 1956 1035 2020 id
1055 1957 1142 2036 quod
1162 1956 1258 2020 initio

110 2057 303 2135 posuimus:
324 2076 414 2123 nunc
431 2061 566 2140 quidem
585 2063 701 2125 nostra
725 2060 808 2126 nihil
830 2061 931 2125 refert
943 2077 1100 2125 servosne
1113 2061 1148 2124 in
1159 2063 1260 2124 textu

110 2161 144 2223 rt
169 2163 248 2226 οὐτό
271 2180 385 2229 66666.
411 2166 570 2231 Similiter
594 2184 626 2246 p.
651 2168 694 2230 84
719 2184 771 2230 vs.
797 2168 817 2230 2
841 2167 999 2231 novimus
1017 2183 1099 2231 sane
1117 2166 1153 2229 in
1178 2165 1260 2230 Can·

109 2269 306 2348 tabrigiensi
338 2270 454 2336 Codice
480 2273 619 2353 aliisque
649 2272 740 2337 libris
772 2273 884 2336 omitti
915 2273 993 2336 Luc.
1020 2273 1072 2352 22,
1100 2269 1171 2352 1916
1198 2273 1259 2351 20;

111 2375 167 2438 sed
190 2376 327 2440 etiamsi
347 2394 386 2440 ea
410 2379 512 2443 verba
536 2378 689 2463 „spuria”
710 2379 796 2458 sint,
819 2379 1035 2458 consequitur
1055 2379 1257 2459 tamenjam

110 2483 243 2545 mature
270 2480 479 2548 dubitavisse
509 2483 679 2563 homines,
705 2501 771 2564 qua
799 2485 928 2548 ratione
954 2501 1075 2564 corpus
1098 2486 1134 2547 et
1152 2483 1259 2564 punis

111 2585 271 2650 deberent
294 2590 456 2669 componi.
482 2589 639 2653 Ceterum
662 2591 702 2654 de
727 2591 788 2654 hoo
811 2605 929 2668 genere
941 2589 1084 2671 plurima
1096 2588 1258 2669 negligere

110 2692 269 2775 11661116,
296 2694 417 2774 quibus
441 2713 507 2760 non
532 2699 586 2760 est
610 2697 819 2777 propositum
842 2712 998 2775 quaerere
1022 2695 1061 2760 de
1074 2698 1172 2760 textu
1185 2712 1257 2760 oon-

111 2800 296 2864 stituendo.
321 2800 438 2865 Veluti
463 2802 479 2864 1
501 2801 652 2866 Corinth.
680 2803 730 2883 15,
748 2798 805 2865 15¹³
818 2801 934 2866 itidem
946 2800 982 2864 in
994 2800 1261 2879 Cantabrigiensi

111 2904 230 2970 Codice
261 2904 387 2969 desunt
415 2907 534 2971 verbu:
567 2902 652 2982 εἴπερ
683 2904 743 2982 ἄρον
775 2904 866 2982 νεκροὶ
897 2906 950 2968 οὐκ
982 2902 1168 2982 ἐγείρονται,
1201 2906 1260 2971 sed

109 3010 246 3075 etiamsi
276 3010 357 3075 talia
386 3029 405 3075 6
435 3014 536 3077 textu
567 3011 809 3091 eliminaveris,
839 3010 979 3075 lectores
1015 3013 1130 3076 tamen
1154 3011 1260 3076 tacita

109 3120 226 3181 mente
258 3115 461 3197 supplebunt
489 3119 525 3182 et
554 3120 720 3197 quantum
752 3116 846 3182 nobis
874 3116 1021 3198 judicare
1045 3115 1161 3200 datur,
1187 3133 1258 3181 sen-

109 3222 239 3287 tentiae
263 3221 345 3286 nihil
369 3222 521 3287 interest.

154 3326 313 3391 Nondum
336 3326 508 3391 dimittere
532 3345 711 3409 possumus
734 3328 986 3409 argumentum,
1009 3326 1045 3390 16
1067 3327 1153 3406 quod
1174 3326 1259 3393 16116

111 3431 249 3496 fortuna
275 3431 463 3496 incidimus.
497 3433 667 3497 Redeatur
688 3433 731 3498 ad
754 3433 881 3498 irenaei
905 3434 1074 3512 tempora,
1100 3433 1186 3512 quod
1210 3433 1259 3497 Ti-

112 3538 340 3603 schendorlius
372 3538 565 3619 spopondit:
590 3538 707 3602 deinde
730 3539 809 3618 quid
833 3538 934 3602 tum?
959 3536 1077 3602 Nonne
1101 3538 1258 3603 novimus

112 3661 214 3723 quam
248 3643 315 3707 late
346 3647 502 3722 grassata
532 3644 578 3708 sit
608 3644 783 3709 temeritas
815 3643 1008 3725 homiuum,
1042 3641 1099 3721 qui
1121 3642 1259 3707 suerunt

112 3751 192 3813 ante
207 3749 384 3812 irenaeum
395 3750 412 3811 ἱ)
423 3748 564 3828 Deinde,
578 3749 713 3813 etiarnsi
724 3750 945 3813 concedamus
956 3763 1142 3828 repressam
1153 3747 1259 3813 fuisse

111 3854 355 3939 haereticorum
372 3854 552 3936 licentiam,
566 3854 642 3934 quis
654 3854 813 3933 repressit
823 3854 995 3918 licentiam
1008 3858 1066 3915 τῶν
1079 3849 1259 3930 1ρ1οδόξων1

111 3955 174 4023 Sed
205 3961 246 4023 ut
270 3962 447 4038 appareat,
477 3976 579 4038 quam
603 3959 767 4022 lubricum
790 3958 963 4037 negotium
987 3958 1047 4040 sit,
1074 3959 1104 4023 si
1126 3958 1201 4039 quis
1224 3958 1258 4022 11-

110 4064 221 4129 16111111
243 4062 403 4128 1161611116
427 4063 636 4143 primitivam
660 4062 801 4126 iormam
826 4063 1003 4127 restituere
1027 4062 1126 4143 velit,
1141 4063 1259 4127 adscri-

111 4170 230 4234 bemus
253 4184 311 4248 per
336 4171 488 4232 saturam
510 4166 600 4232 locos
622 4168 817 4249 nonnullos,
843 4168 899 4247 qui
923 4171 1057 4248 propter
1078 4168 1260 4234 lectionum

111 4273 329 4339 diversitates
360 4272 508 4337 maxime
540 4270 771 4336 memorabiles
802 4274 892 4335 sunt.
922 4271 1038 4336 Veluti
1059 4272 1180 4338 Matth.
1207 4275 1258 4355 17,

113 4381 156 4443 20
180 4378 333 4459 discipuli
357 4378 476 4443 Jesum
499 4381 635 4456 rogant:
659 4377 708 4440 διὰ
729 4378 761 4440 τί
782 4378 871 4451 ἡμεῖς
891 4377 944 4440 οὐκ
964 4375 1146 4453 ἠδυνήθημεν
1168 4378 1259 4455 εἰιβοο-

112 4492 177 4549 triv
190 4485 236 4562 (ri
251 4482 424 4561 δοιιμόνιον);
439 4484 452 4547 o‘
474 4482 504 4545 δὲ
522 4481 609 4559 λέγει
624 4483 726 4553 αὐτοῖς
741 4482 791 4546 διὰ
805 4483 859 4557 την
880 4480 970 4560 ὃλιγ
981 4505 994 4546 ο
1004 4483 1093 4553 arri
1101 4508 1145 4549 ιον
1167 4486 1257 4563 ὑμῶν.
