3192 5325
905 547 970 614 108

401 735 487 816 Lege
518 735 672 815 deinceps
703 735 734 815 8,
768 734 893 798 1--16ει
923 735 959 798 et
985 749 1057 814 cap.
1082 733 1103 796 9
1126 733 1162 796 et
1184 727 1312 795 videbis
1335 744 1407 792 non
1429 728 1494 791 tan-

355 843 433 907 tum
464 857 622 921 magnam
645 859 719 908 esse
742 841 989 906 sententiarum
1013 838 1301 919 convenientiam,
1330 834 1390 899 sed
1413 833 1494 914 ipsas

356 949 542 1014 sententias
564 949 632 1015 fere
655 948 771 1014 eodem
789 947 903 1014 ordine
922 948 1113 1014 decurrere:
1133 944 1312 1010 Excitatur
1323 938 1494 1008 liberalitas

355 1056 507 1136 exemplo
530 1053 695 1122 Ecclesiae
718 1054 965 1122 Macedonicae:
990 1055 1020 1137 8,
1050 1054 1135 1118 1-8
1159 1053 1194 1117 et
1218 1053 1248 1134 9,
1277 1050 1374 1114 1-5,

403 1160 664 1230 commendatur
685 1161 866 1228 liberalitas
889 1161 950 1228 Dei
973 1161 1027 1226 vel
1050 1159 1132 1225 lesu
1152 1175 1270 1241 causa,
1293 1156 1348 1224 cui
1368 1155 1494 1223 nostras

355 1268 493 1335 divitias
515 1269 694 1336 debemus:
719 1269 750 1351 8,
776 1269 797 1332 9
820 1271 855 1335 et
880 1267 909 1351 9,
935 1268 1060 1332 9-11.

399 1374 437 1440 Id
468 1378 606 1442 tantum
631 1376 821 1456 refertque
844 1375 921 1457 quis
944 1374 1057 1442 animo
1081 1373 1224 1442 dederit:
1249 1373 1280 1454 8,
1308 1370 1441 1438 10-12
1464 1369 1495 1435 et

355 1483 386 1565 9,
411 1482 432 1545 6
456 1499 506 1564 sq.

400 1590 472 1655 Hoc
495 1592 667 1670 spectatur
689 1592 729 1656 ut
752 1591 916 1656 bonorum
935 1591 970 1656 et
989 1589 1179 1656 animorum
1198 1587 1243 1653 sit
1262 1583 1493 1678 aequabilitas:
1571 1565 1572 1574 ¹

355 1698 386 1780 8,
414 1697 546 1763 13-15
569 1700 605 1762 et
628 1700 658 1782 9,
685 1695 831 1764 32-15.

402 1802 465 1869 Est
487 1806 576 1869 certe
599 1805 706 1870 multo
729 1802 962 1886 verisimilius,
987 1823 1049 1871 nos
1069 1803 1234 1887 capitibus
1254 1803 1275 1867 8
1295 1804 1331 1866 et
1351 1801 1494 1864 9tenere

356 1907 440 1974 duas
463 1908 633 1990 Epistulas
656 1912 698 1976 ab
721 1910 838 1976 eodem
860 1911 1003 1993 scriptas
1027 1912 1068 1976 ad
1093 1912 1180 1976 duca
1197 1907 1379 1983 Ecclesiae,
1400 1922 1495 1987 quarn

355 2016 499 2081 eundem
531 2016 701 2083 hominem
736 2018 778 2084 ad
813 2019 954 2082 eandem
989 2017 1171 2083 Ecclesiam
1205 2015 1320 2082 eodem
1351 2016 1495 2092 tempore

357 2120 451 2186 brevi
481 2123 534 2188 bis
564 2125 701 2208 tantum
733 2141 801 2189 non
824 2124 941 2190 eadem
965 2124 1106 2189 scribere
1128 2122 1286 2188 voluisse.
1322 2119 1447 2185 Deinde
1470 2115 1496 2181 si

358 2243 491 2292 sumere
521 2226 614 2312 licet,
640 2230 723 2296 duas
746 2231 800 2296 hic
824 2231 994 2313 Epistulas
1016 2232 1166 2312 receptas
1190 2227 1307 2308 fuisse,
1331 2222 1496 2292 commode

223 2369 225 2374 ·
354 2333 571 2408 meminimus
601 2335 784 2402 identidem
818 2337 854 2403 in
879 2338 940 2402 hac
963 2336 1115 2418 Epistula
1139 2333 1302 2401 scribendi
1325 2330 1495 2398 consilium

358 2441 484 2505 mutari
517 2441 749 2524 diversamque
780 2443 945 2510 Ecclesiae
976 2442 1201 2508 conditionem
1231 2439 1327 2506 nobis
1357 2435 1494 2519 depingi.
1574 2469 1575 2492 r

355 2545 445 2610 Hinc
473 2548 625 2629 sequitur
647 2551 855 2632 conjectura,
881 2567 982 2632 quam
1005 2549 1077 2614 veri
1099 2549 1187 2614 haud
1211 2545 1408 2614 dissimilem
1430 2561 1495 2626 pro·

357 2652 558 2721 nunciamus
586 2672 676 2741 esse,
703 2657 787 2722 miro
811 2657 944 2723 consilio
967 2656 1002 2723 in
1026 2674 1134 2722 unum
1158 2654 1320 2723 coaluisse
1344 2652 1496 2731 excerpta

354 2773 397 2823 ex
428 2759 590 2841 Epistulis
619 2762 858 2848 pastoralibus,
890 2782 975 2845 quae
998 2763 1140 2829 diversis
1163 2761 1370 2846 temporibus
1392 2758 1434 2827 ad
1456 2756 1495 2823 di·
1575 2812 1576 2833 1

356 2882 472 2931 versas
495 2867 659 2935 Ecclesiae
682 2869 827 2950 scriptae
850 2870 1004 2936 trissant.

400 2970 588 3041 Secundum
618 2976 705 3041 hanc
737 2976 962 3058 suspicionem
993 2977 1140 3043 multum
1172 2976 1283 3042 differt
1308 2973 1496 3055 compositio

356 3083 520 3147 secundae
553 3083 725 3163 Epistulae
755 3083 798 3148 ad
830 3083 1019 3149 Corinthios
1050 3085 1092 3149 ab
1124 3101 1240 3149 earum
1271 3080 1496 3163 Epistularum

355 3189 609 3270 compositione,
642 3206 745 3269 quam
780 3206 882 3272 supra
915 3190 1194 3256 examinavimus.
1231 3188 1271 3253 ln
1296 3188 1386 3252 hisce
1411 3184 1497 3250 enim

354 3296 577 3375 comperimus
615 3298 732 3360 vetera
762 3313 801 3360 ac
834 3312 993 3375 magnam
1025 3299 1156 3377 partem
1190 3294 1373 3361 israelitica
1407 3294 1496 3357 docu-

353 3404 485 3485 menta,
518 3417 602 3482 quae
633 3401 758 3467 Paulus
786 3402 970 3483 Episcopus
999 3405 1217 3483 retractarat;
1241 3402 1277 3467 in
1301 3402 1364 3467 bac
1386 3402 1497 3465 autem

353 3507 473 3572 insunt
495 3506 660 3588 epistulae
682 3508 833 3573 virorum
856 3508 963 3589 qualis
987 3508 1111 3574 Paulus
1131 3509 1314 3589 Episcopus
1334 3506 1495 3587 ipscfuit,

353 3612 422 3677 imo
452 3612 559 3694 ipsius
590 3613 748 3695 epistula,
781 3631 867 3695 quae
899 3616 1015 3696 postea
1046 3616 1229 3681 retractata
1265 3614 1331 3678 firit
1361 3614 1402 3678 ab
1426 3610 1496 3676 alio.

354 3716 452 3783 Unde
481 3721 620 3801 apparet
641 3720 730 3785 inter
754 3720 829 3785 illas
852 3720 1023 3802 Epistulas
1046 3722 1132 3787 setis
1155 3737 1317 3800 magnum
1341 3718 1497 3800 temporis

354 3824 504 3906 spatium
526 3825 712 3890 necessario
734 3827 908 3893 interesse.
1378 3808 1383 3817 ’

401 3931 478 3997 Jam
498 3930 583 3996 satis
607 3932 765 3998 novimus
784 3936 938 4000 nostrum
958 3934 1099 4001 Paulum
1119 3936 1336 4019 Episcopum,
1351 3937 1392 4000 ut
1404 3948 1497 4013 saepe

353 4037 427 4103 eius
446 4054 588 4102 manum
607 4039 702 4104 nobis
722 4055 901 4119 agnoscere
921 4039 1037 4122 liceat;
1057 4043 1138 4123 quin
1150 4046 1186 4107 et
1198 4042 1382 4123 credimus,
1395 4040 1497 4122 ipsius

354 4143 534 4223 epistulam
558 4144 635 4210 huic
658 4145 815 4226 opusculo
839 4162 897 4227 pro
921 4147 1139 4214 fundamento
1163 4166 1245 4213 esse.
1268 4147 1401 4213 Demtis
1418 4144 1497 4225 capi·

355 4249 446 4313 tibus
480 4251 500 4313 8
531 4252 567 4314 et
597 4253 618 4315 9
649 4268 749 4332 quae,
786 4252 887 4317 sicuti
924 4252 1088 4331 diximus,
1119 4272 1176 4337 per
1206 4272 1242 4320 se
1266 4251 1498 4320 consideranda

354 4357 452 4440 sunt,
489 4358 524 4420 et
558 4357 666 4439 capite
696 4357 838 4441 decimo,
871 4357 911 4422 de
942 4377 1007 4441 quc
1040 4362 1139 4443 plane
1171 4360 1253 4426 nihil
1286 4360 1350 4425 dici
1373 4360 1496 4441 potest,

354 4462 494 4528 libenter
517 4462 548 4528 ei
571 4463 776 4529 tribuemus:

400 4569 419 4635 2
444 4568 516 4644 Cor,
539 4571 566 4653 l,
593 4568 896 4651 1-102315-18,
1109 4575 1146 4656 l,
1172 4576 1214 4650 23
1235 4592 1308 4661 ,sqq
1334 4575 1372 4649 2,
1398 4574 1426 4636 1.
