3192 5325
72 758 74 761 .
114 697 308 778 1161111341).
340 702 459 784 Itaque
486 704 590 768 etiam
621 700 759 778 bremt
789 703 869 783 fuit,
902 721 987 784 quae
1015 703 1245 784 praecedebat,

115 809 190 889 quod
214 812 329 874 tamen
364 826 487 874 nomen
518 810 778 890 haudquaquam
807 809 966 874 convenit
989 809 1159 890 pericopae
1177 824 1247 872 ves,

116 915 250 1000 23-28,
283 916 371 996 quod
402 934 529 981 novum
557 918 795 995 argumentum
819 918 873 981 est
895 933 954 980 cur
976 916 1018 980 ab
1041 914 1176 994 reliquis
1200 931 1247 978 se·

113 1021 300 1086 cernendum
324 1022 379 1087 sit.
1156 1107 1159 1112 ¹

152 1127 236 1192 Haec
256 1129 369 1193 omnia
387 1127 629 1194 confirmantur
644 1130 801 1194 accurata
817 1115 1066 1194 examinatione
1078 1145 1145 1192 vso.
1161 1128 1243 1192 23—

114 1233 159 1296 28.
180 1231 375 1314 conjunctio
398 1233 461 1310 γάρ
485 1251 536 1298 ve.
563 1234 605 1298 23
631 1234 681 1299 ita
704 1234 842 1299 domum
866 1235 953 1299 116116
976 1233 1151 1316 pericopen
1174 1251 1247 1298 con·

111 1338 234 1418 jungere
255 1340 382 1419 poterit
404 1357 482 1406 cum
504 1357 556 1404 vs,
582 1340 734 1420 20-22,
758 1339 787 1404 si
808 1341 966 1421 sequetur
983 1338 1014 1403 S.
1038 1339 1248 1416 Ooenaedee

113 1445 230 1529 nuptio,
256 1463 322 1526 qua
345 1446 532 1511 ostenditur
553 1447 698 1512 fratrum
721 1449 881 1511 mutuum
904 1463 1051 1511 amorem
1075 1446 1246 1511 666616111-

114 1550 208 1614 nitate
237 1551 343 1616 foveri
372 1554 408 1617 et
433 1553 634 1617 confirmari.
670 1549 733 1617 Sed
756 1552 804 1616 nil
826 1553 893 1617 1616
916 1550 1038 1631 legitur
1060 1554 1096 1616 et
1120 1552 1246 1617 sensim

111 1656 232 1722 demum
262 1640 402 1738 apparet
431 1658 546 1723 Iesum
574 1658 617 1723 ad
640 1674 793 1723 mensam
817 1659 1010 1723 accumbere
1030 1674 1138 1738 neque
1160 1657 1247 1723 addi-

111 1763 161 1826 tur
180 1763 235 1844 qui
257 1767 429 1844 praeterea
452 1765 613 1830 convivae
639 1764 782 1846 11611111,
804 1782 864 1829 neo
883 1763 990 1842 magis
1011 1763 1167 1828 Paschale
1185 1764 1246 1828 fes-

112 1869 177 1932 tum
207 1869 398 1935 domeeticis
425 1870 554 1949 gaudiis
574 1871 669 1952 quasi
692 1871 924 1935 consecratum
947 1863 1247 1950 usquam‘respici·

111 1975 167 2036 tur.
189 1973 294 2054 Quam
316 1977 395 2055 apte
418 1977 543 2041 veteris
567 1976 646 2042 festi
670 1975 893 2042 sanctimonia
912 1975 1065 2054 componi
1080 1975 1248 2056 potuisset

112 2096 179 2147 611111
201 2081 396 2147 temulentis
418 2082 599 2163 conviviis,
624 2099 709 2164 quae
732 2080 902 2146 Israelitae
923 2079 1031 2144 Deum
1055 2083 1247 2146 metuentes

110 2176 368 2267 116166161611
392 2188 547 2268 religione
571 2188 680 2254 odiaee
704 2189 879 2253 debebant.

149 2290 207 2356 Sed
230 2295 314 2358 satis
338 2297 476 2376 apparet
499 2313 563 2376 quo
587 2296 776 2360 tendamus.
802 2293 893 2357 Nihil
914 2293 1003 2358 ultra
1025 2295 1246 2374 6616661166-

111 2398 227 2464 brimus
250 2417 353 2480 quam
374 2403 461 2482 quod
484 2401 633 2466 vidimus
658 2403 673 2466 1
701 2401 772 2465 Cor.
801 2402 861 2476 10,
891 2401 931 2464 16
955 2418 1026 2482 sqq.
1054 2401 1126 2466 Hoc
1148 2400 1247 2464 firmi·

112 2504 157 2567 161
178 2507 369 2571 teneamus:
392 2507 530 2572 dierunt
553 2509 595 2572 ab
619 2507 717 2573 initio
740 2508 826 2572 duae
850 2505 1013 2590 κοινωνίαι,
1039 2507 1123 2570 duae
1147 2505 1247 2576 11611-

110 2630 170 2691 και,
202 2612 285 2677 duae
314 2612 466 2679 diversae
500 2613 748 2694 solemnitatee,
774 2630 917 2694 quarum
938 2613 1043 2679 altera
1066 2611 1245 2695 symbolica

109 2716 203 2795 pondi
231 2736 296 2783 usu
328 2720 409 2785 Jesu
437 2720 636 2785 sacrificinm
667 2720 955 2802 repraesentabat,
991 2721 1096 2784 altera
1130 2721 1246 2784 autem

109 2822 193 2888 cuiue
214 2825 311 2906 panis
333 2825 461 2890 fractus
483 2826 674 2908 symbolum
693 2828 781 2909 erat,
804 2827 1079 2907 repraesentabat
1091 2824 1246 2889 Christia-

110 2944 216 2994 norum
239 2930 449 2997 concordiam
473 2935 508 2996 et
530 2932 716 2997 fraternum
738 2948 897 2997 amorem.

148 3034 232 3101 Η666
261 3036 375 3100 omnia
402 3038 474 3119 jam
497 3038 753 3119 scripseramus,
779 3054 885 3118 quum
904 3039 1037 3117 reperta
1059 3035 1125 3099 fuit
1147 3035 1163 3107 ἡ
1188 3040 1246 3097 τῶν

110 3135 269 3205 'exordiar
284 3140 420 3220 Διδαχή,
433 3160 500 3224 qua
507 3144 677 3223 superiora
685 3142 808 3208 eximie
817 3142 1069 3207 confirmantur.
1078 3141 1161 3206 Ecce
1168 3141 1245 3206 ioci:

145 3247 201 3311 IX.
234 3249 272 3311 l:
305 3248 371 3326 περὶ
401 3247 433 3311 δὲ
456 3256 511 3319 τῆς
536 3248 735 3328 εὔχαρις-166,
770 3244 861 3316 οὕτως
887 3247 1111 3325 εὔχαρις-ἧπτε
1133 3252 1246 3325 πρῶτον

109 3351 165 3428 περὶ
193 3357 245 3418 τοῦ
276 3354 436 3433 ποτηρίου·
470 3354 707 3435 repetente
739 3378 803 3428 σον,
837 3353 936 3432 πάτερ
972 3356 1066 3430 ἡμῶν,
1093 3354 1165 3432 ὑπὲρ
1190 3362 1244 3428 τῆς

109 3456 192 3531 ἀνίας
222 3459 368 3536 ἀμπέλου
399 3460 507 3537 nadib
536 3464 589 3524 τοῦ
620 3458 728 3531 παιδός
753 3483 823 3536 σου,
849 3456 881 3534 ἧς
908 3460 1072 3540 ἕννώρνσας
1099 3463 1170 3537 ἡμῖν
1194 3460 1245 3524 διὰ

109 3566 193 3636 Ἰησοῦ
216 3571 267 3630 τοῦ
292 3565 402 3637 παιδός
427 3587 490 3630 σου·
517 3568 561 3631 cci
590 3568 606 3641 ἦ
630 3566 705 3643 δόξα
729 3567 771 3638 εἰς
795 3567 866 3635 τοὺς
892 3568 1015 3638 αἰῶνας.

145 3670 180 3734 3:
204 3670 268 3750 περὶ
300 3671 333 3735 δὲ
359 3677 412 3735 τοῦ
438 3670 643 3747 κλάσματα·
666 3671 905 3752 Εὖχαρνςοῦαέν
930 3695 992 3746 σα,
1019 3671 1119 3751 πάτερ
1144 3673 1243 3757 ἡμῶν,

109 3773 170 3853 ὑπὲρ
203 3783 257 3850 τῆς
289 3776 367 3859 ζωῆς
399 3779 451 3841 καὶ
485 3775 622 3854 γνώσεως
647 3776 680 3853 ἧς
706 3778 870 3855 §prepete
897 3778 968 3854 ἡμῖν
994 3778 1044 3843 διὰ
1070 3779 1168 3851 Ἰησοῦ
1193 3784 1245 3842 τοῦ

109 3879 201 3954 παιδός
222 3905 292 3947 σαν·
318 3882 363 3947 roi
385 3882 495 3960 ἡδόξα
515 3884 556 3954 εἷς
576 3883 646 3953 τοὺς
665 3884 787 3951 αἰῶνας.
811 3880 972 3962 Ὥσπερ
997 3880 1038 3955 ἦν
1062 3888 1182 3948 τοῦτο
1206 3886 1248 3947 τὸ

109 3985 261 4062 κλάσμα
295 3988 662 4067 διεσκορπισμένον
694 3988 827 4052 ἐπάνω
862 3995 934 4053 τῶν
958 3988 1074 4067 ὀρέων
1098 3988 1162 4053 καὶ
1187 4014 1245 4053 σν-

110 4093 240 4170 ναχθὲν
276 4094 445 4171 ἐγένετο
482 4091 534 4172 ἕν,
566 4090 666 4159 οὕτω
702 4093 996 4179 σνναχθήτωῑ)
1030 4119 1099 4159 σαν
1136 4097 1153 4170 ἡ
1190 4095 1245 4159 ἕκ-

110 4198 1245 4281 111116ἁπὸτῶνπεράτωντῆςνῆςεῖςτὶννσὺνβα-
1302 4252 1305 4259 ,

109 4305 258 4367 cetrina
282 4305 348 4369 κτὲ.
917 4300 920 4307 ’

116 4417 289 4434 *—

138 4458 162 4523 1)
181 4462 249 4512 Verbi
275 4462 393 4526 συνάγειν
414 4464 498 4514 creber
521 4481 576 4514 116116
598 4470 634 4514 eet
657 4466 683 4514 in
700 4467 770 4514 Novo
788 4466 950 4515 Testamentoz
970 4466 1060 4514 Metth.
1080 4466 1118 4523 12,
1138 4466 1180 4523 3ος
1201 4466 1240 4522 13,

113 4537 150 4597 41;
167 4542 203 4603 tt,
221 4546 267 4604 24;
285 4547 342 4596 Luc.
361 4545 445 4605 &173
465 4546 522 4596 Joh.
541 4548 564 4606 b,
584 4548 631 4606 12;
649 4548 691 4596 11.
710 4548 753 4607 12;
773 4546 892 4611 imprimis
909 4549 981 4612 Apoc.
996 4546 1036 4604 19,
1055 4544 1093 4596 17.
1127 4540 1129 4544 ’
