3192 5325
646 482 710 549 287

106 685 195 749 ram,
222 668 258 730 4Ο
282 672 440 734 naturam
470 667 674 746 dogmaticas
705 667 882 747 Paulinae,
916 667 997 731 nihil
1020 668 1110 732 enim
1136 669 1260 732 attinet

105 774 205 837 anxie
224 791 393 854 quaerere
432 773 593 854 quomodo
631 777 703 837 tam
744 773 906 837 absurdae
937 773 1109 854 opiniones
1144 774 1262 838 Latine

107 879 170 943 dici
193 881 339 963 possint,
367 883 430 945 cet.
457 884 519 945 cet.
557 880 642 944 Vide
667 877 838 943 ridiculam
863 879 1014 943 tabulam
1038 898 1068 960 p.
1092 881 1166 944 251.

156 986 353 1071 ,Mdglichst
376 987 548 1065 allgemein
578 988 683 1064 geben
716 986 795 1049 aber
820 986 882 1048 den
907 985 1030 1049 Zweck
1053 986 1112 1050 des
1136 986 1262 1050 Briefes

106 1091 176 1156 1111
199 1093 262 1157 alle
285 1106 406 1157 neuere
430 1091 655 1173 Theologen,’'
681 1090 732 1154 uti
752 1089 868 1154 scribit
892 1089 1148 1155 Holtzmannus
1176 1091 1261 1155 Tuto

109 1215 200 1263 sane.

152 1304 338 1386 Postquam
357 1290 606 1370 Holtzmannus
625 1303 764 1368 candide
783 1306 819 1367 et
838 1303 937 1367 vultu
955 1303 1108 1367 irretorto
1120 1301 1264 1367 infelicia

107 1409 333 1490 interpretum
352 1411 541 1475 tentamina
562 1408 768 1489 percensuit,
789 1410 928 1488 apparet
945 1409 1061 1472 tamen
1081 1425 1159 1472 eum
1179 1409 1264 1472 bono

107 1515 220 1579 animo
244 1533 327 1580 esse.
366 1516 545 1580 Contendit
568 1515 658 1578 enim
682 1531 799 1579 omnes
821 1513 894 1577 illas
921 1513 1175 1596 „eindriugende
1196 1513 1263 1577 Un-

107 1621 377 1701 tersuchungen’'
399 1621 561 1686 stravisse
580 1619 671 1684 viam
692 1620 733 1684 ad
758 1618 1004 1703 „feststehende
1024 1618 1263 1700 Ergebnisse,'’

107 1742 193 1805 quae
215 1730 423 1808 sequuntur:

154 1832 180 1895 l.
208 1832 295 1916 „Der
328 1833 423 1897 Briei
453 1833 579 1896 erklart
615 1832 685 1897 sich
719 1850 782 1897 aus
814 1833 871 1896 der
905 1837 1063 1896 ausseren
1096 1831 1264 1895 Situation
1376 1919 1378 1926 Α

110 1937 221 2002 seinos
252 1939 459 2022 Verfassers,
493 1940 619 2004 welche
632 1986 634 1989 -
649 1939 734 2002 dazu
758 1939 928 2016 angethan
952 1954 1035 2019 war,
1070 1937 1265 2001 111111111-

112 2043 357 2109 merlrsamkeit
380 2045 442 2110 aui
461 2044 513 2110 die
538 2045 702 2108 romische
727 2027 910 2108 Gemeinde
933 2060 975 2106 zu
999 2042 1142 2106 111111”
1157 2089 1164 2102 .
1180 2091 1186 2106 .
1202 2090 1233 2106 ..

156 2149 284 2214 Verum
308 2152 433 2231 partim
455 2151 517 2215 hoc
540 2150 654 2230 ipsum
679 2168 797 2231 perse
822 2151 976 2230 apparet;
1002 2147 1127 2228 partim
1139 2148 1180 2212 ad
1193 2165 1265 2211 rem

111 2255 194 2319 nihil
219 2257 383 2337 pertinet;
415 2257 541 2336 partim
564 2257 651 2320 redit
681 2257 755 2335 ipsa
785 2257 937 2336 quaestio
965 2254 1060 2318 novis
1084 2254 1194 2318 verbis
1218 2255 1264 2318 in-

108 2361 226 2425 voluta
250 2363 286 2425 et
307 2363 493 2426 obscurata.
1276 2358 1279 2364 ’

157 2451 272 2530 Etiam
295 2467 440 2547 injurato
467 2466 549 2532 testi
576 2468 742 2533 credimus
774 2467 945 2532 neminem
971 2466 1113 2531 scribere
1136 2465 1267 2547 Epistu-

109 2572 196 2652 lam,
222 2573 330 2653 qualis
350 2572 502 2653 Epistula
521 2574 562 2638 ad
583 2574 754 2638 Romanos
778 2577 848 2656 est,
874 2573 940 2638 nisi
961 2589 1014 2637 res
1038 2573 1087 2637 ita
1106 2571 1263 2650 tulerint,

112 2681 162 2743 ut
179 2680 306 2745 Rornae
329 2684 365 2745 et
387 2680 547 2744 Romanis
571 2680 770 2750 attenderet.

157 2786 225 2849 Res
249 2785 323 2850 illas
346 2788 504 2850 externas
532 2802 624 2868 1111,
656 2786 718 2850 hoc
741 2786 833 2849 enim
857 2790 927 2866 est,
962 2786 1015 2863 uti
1045 2786 1264 2866 arbitramur,

115 2890 188 2975 „die
212 2896 348 2958 1111111
371 2890 540 2956 Situatiou
554 2891 585 2971 ,''
612 2892 707 2971 plane
732 2891 815 2955 nihil
837 2893 948 2956 111111.

157 2999 304 3071 Verum,
336 2997 365 3060 si
390 2995 524 3076 quidem
554 2997 672 3075 refert,
705 3012 837 3076 semper
867 3001 983 3062 manet
1007 3000 1158 3077 quaestio
1182 3017 1267 3079 quae

110 3104 188 3168 fuit,
226 3105 394 3184 Quaeres
424 3102 567 3166 Paulum
599 3101 766 3182 impellere
799 3105 994 3186 potuerunt,
1026 3106 1066 3167 ut
1089 3105 1265 3188 scriberet,

110 3209 396 3290 quemadmodum
434 3204 589 3290 scripsit,
625 3208 668 3271 ad
703 3207 906 3287 Ecclesiam,
943 3225 1045 3287 quam
1081 3228 1264 3291 numquam

109 3315 279 3379 vidisset?
315 3314 434 3377 Nonne
457 3313 642 3377 necessario
666 3312 834 3377 incertum
858 3316 944 3395 erat,
980 3317 1114 3379 essetne
1138 3334 1266 3382 assecu-

110 3424 172 3486 tus
206 3420 239 3483 id
274 3420 359 3501 quod
395 3418 458 3482 sibi
494 3419 745 3499 proposuisset?
781 3419 974 3498 Respondet
999 3419 1266 3489 Holtzmannus:

113 3527 187 3613 „die
210 3524 366 3607 Romer,''
391 3530 433 3605 (p.
454 3526 508 3589 111
533 3523 611 3607 255)
637 3524 779 3609 „so]len,
805 3542 841 3588 so
861 3524 957 3601 lange
981 3526 1029 3589 sie
1053 3526 1112 3590 ihn
1137 3534 1267 3608 person·
1330 3606 1333 3610 ¹

110 3633 178 3697 lich
210 3630 304 3695 nicht
334 3630 370 3694 in
401 3630 488 3694 ihrer
521 3629 617 3694 Mitte
645 3630 771 3704 haben,
806 3629 1012 3707 wenigstens
1037 3632 1176 3714 wissen,
1204 3635 1269 3699 wie

110 3738 201 3802 nahe
236 3735 285 3801 sie
320 3721 447 3800 seinem
481 3736 590 3799 Heme
626 3736 745 3800 stehen
779 3736 848 3800 und
883 3736 960 3800 dass
995 3752 1031 3799 er
1059 3736 1268 3818 keinoswegs

110 3843 223 3908 Scheu
246 3827 341 3921 hcgt,
377 3839 450 3904 sein
481 3840 702 3919 Evangelium
726 3842 811 3905 auch
842 3841 944 3906 ihnen
972 3860 1014 3905 zu
1039 3842 1268 3923 verkiindigen

110 3952 155 4032 (1,
184 3949 257 4029 16);
290 3946 339 4011 sie
369 3944 472 4010 sollen
504 3947 590 4011 auch
615 3947 757 4028 wissen,
792 3964 859 4011 von
892 3947 1032 4011 welcher
1062 3947 1129 4012 Art
1160 3949 1269 4015 dieses

110 4052 334 4131 Evangelium
353 4052 400 4116 ist
419 4052 489 4115 und
511 4070 583 4117 was
606 4053 654 4117 sie
674 4070 741 4118 von
761 4053 833 4116 ihm
857 4071 900 4117 zu
918 4055 1085 4117 erwarten
1103 4053 1246 4118 haben.''

158 4158 278 4237 Itaque
310 4160 350 4220 ut
375 4157 540 4236 probabile
572 4158 633 4221 fiat
659 4158 832 4237 scripsisse
853 4158 1012 4238 Paulum,
1037 4158 1135 4238 [inpii
1157 4159 1269 4223 Holtz·

110 4280 261 4329 mannus
286 4261 473 4345 Epistulam
502 4263 544 4326 ad
568 4263 736 4327 Romanos
761 4264 933 4345 scriptoris
966 4265 1064 4328 rebus
1088 4280 1268 4330 accommo-

111 4372 248 4450 datam,
282 4367 339 4431 sed
361 4367 537 4433 delineatio
560 4369 781 4447 quantumvis
815 4368 1012 4449 imperfecta
1037 4370 1203 4450 discrepat
1228 4371 1269 4434 ab

114 4493 157 4540 ea
180 4473 334 4556 Epistula
356 4473 398 4537 ad
423 4474 609 4554 Romanos,
634 4491 735 4553 quam
762 4476 929 4539 tenemus.
955 4474 1108 4541 Voluerit
1130 4476 1269 4555 Aposto-
