3192 5325
502 488 674 587 ’16

98 721 161 771 esse
189 705 364 770 videbatur
394 705 500 770 solam
532 704 709 770 caritatem
739 701 902 769 celebrare
926 702 969 767 ab
992 716 1096 782 eaque
1119 697 1231 764 omnia

96 815 247 895 repetere,
281 829 362 877 6616
395 810 535 876 16161166
565 811 672 876 reiicit
702 810 782 894 6116,
812 811 918 876 veluti
942 808 1042 874 fidem
1065 822 1150 888 6666
1172 822 1231 886 per

98 918 258 983 1611161616
289 921 446 999 operatur
479 917 550 983 dal.
583 917 618 1001 5,
655 919 676 982 6
708 919 762 983 vel
788 917 939 994 ὑπομονὴν
965 922 1018 988 τῆς
1045 911 1183 995 ἐλπίδος,
1213 913 1229 975 l

99 1025 200 1088 Thess.
223 1009 259 1108 1,
287 1025 318 1088 3.
343 1024 376 1088 Α
395 1041 497 1089 versu
520 1027 540 1089 8
571 1027 685 1105 potest
704 1025 840 1090 rediisse
862 1022 968 1088 videri
991 1021 1032 1086 ad
1056 1021 1229 1085 documen·

98 1134 164 1196 tum
193 1149 310 1214 suum,
344 1132 384 1194 ut
408 1133 590 1211 exponeret
613 1131 787 1196 caritatem
810 1147 877 1194 non
900 1146 974 1194 esse
997 1126 1230 1206 interituram;

99 1238 149 1302 661
167 1240 345 1318 postquam
368 1237 505 1314 γνώσεως
527 1239 581 1302 661
604 1237 693 1302 16616
712 1237 856 1319 1666116,
879 1235 965 1300 redit
988 1233 1231 1314 6166616666-

101 1344 168 1408 dam
196 1344 357 1409 admiscet
379 1345 419 1408 de
442 1360 481 1409 66
505 1344 591 1425 quod
614 1341 890 1426 1166666166.
916 1340 972 1424 10)
995 1342 1030 1404 61
1053 1339 1093 1404 de
1116 1337 1231 1403 adulta

99 1453 197 1514 aetate
221 1449 285 1533 (vs.
313 1450 377 1535 11),
404 1451 462 1516 sed
485 1450 607 1531 quibus
629 1450 828 1515 6116616666
848 1466 915 1512 non
935 1449 1018 1512 erat.
1042 1444 1167 1510 Deinde
1179 1461 1230 1509 vs.

101 1556 135 1618 12
156 1556 277 1622 frustra
301 1559 442 1621 conatur
465 1561 575 1632 γνῶσιν
599 1555 762 1636 explicare
785 1553 971 1620 cuiusmodi
998 1552 1165 1631 61161666
1188 1549 1231 1614 61-

101 1662 202 1727 111661
230 1663 371 1744 denique
394 1680 498 1745 paene
522 1663 728 1729 contrarium
750 1662 824 1727 eius
846 1661 907 1744 161,
933 1675 1035 1741 66616
1058 1657 1155 1722 161116
1178 1673 1231 1736 po·

98 1773 216 1834 suerat:
247 1786 366 1851 nempe
391 1786 456 1834 non
480 1769 603 1834 caritas
625 1769 695 1834 sola
717 1771 848 1854 manet,
875 1767 933 1832 sed
958 1768 1040 1831 nota
1062 1763 1117 1829 illa
1136 1763 1230 1828 trias.

101 1874 273 1941 16161666
297 1893 367 1957 cap.
395 1877 436 1940 13
460 1874 655 1940 retractatio
675 1873 857 1940 utilissima
877 1876 945 1955 est,
967 1874 1007 1936 ut
1024 1870 1118 1936 Pauli
1137 1868 1230 1948 Epis·
1332 1862 1334 1866 ’

100 1981 162 2062 copi
182 1981 354 2060 ingenium
378 1999 626 2061 cognoscamus.
988 1974 993 1982 ’

137 2086 228 2152 Unde
251 2086 291 2152 fit
313 2089 355 2153 ut
374 2088 437 2153 hoc
459 2091 562 2168 caput
585 2092 659 2154 tam
681 2104 804 2169 anceps
827 2086 874 2152 sit
895 2084 1067 2150 61661616
1089 2085 1162 2148 1616
1185 2082 1231 2146 16-

100 2195 178 2257 certe
208 2193 377 2259 volitent?
409 2194 518 2260 Causa
546 2197 600 2260 est
625 2193 712 2275 quod
735 2193 772 2258 in
795 2191 1027 2275 disquisitione
1050 2190 1090 2255 de
1113 2189 1231 2254 Ethica

100 2301 336 2365 contaminatae
366 2303 449 2365 sunt
479 2300 685 2382 philosophia
715 2302 750 2363 et
772 2299 932 2364 historica
954 2314 1067 2361 rerum
1090 2294 1231 2360 conside·
1313 2317 1317 2324 ·

98 2405 188 2488 16116,
221 2423 363 2487 quarum
395 2406 500 2472 611616
532 2406 608 2471 sede
631 2404 723 2486 pellit
743 2403 893 2470 61161616.
915 2402 993 2468 Vss.
1022 2403 1037 2465 1
1060 2419 1129 2483 sqq.
1154 2399 1231 2464 cari·

100 2513 147 2576 166
179 2529 350 2577 summum
380 2514 451 2593 661,
488 2512 581 2596 quia,
615 2512 715 2578 sicuti
746 2510 931 2592 philosophi
960 2509 1097 2588 docent,
1123 2506 1231 2572 solum

99 2635 204 2684 161616
226 2619 426 2701 principium
448 2621 512 2684 661.
537 2618 629 2701 Quod
651 2617 729 2683 iude
752 2634 820 2683 non
843 2616 1033 2689 derivatur,
1046 2611 1232 2679 6666666116

99 2722 171 2787 cdliv
200 2728 263 2791 661.
300 2725 426 2790 Deinde
453 2744 474 2791 a
503 2744 554 2791 vs.
582 2726 624 2790 10
647 2725 819 2807 docemur,
845 2722 1007 2804 quomodo
1030 2712 1232 2785 inhumana

72 2905 74 2908 ,
99 2830 163 2897 vita
191 2831 305 2897 omnia
339 2831 492 2913 deinceps
515 2831 662 2913 pleniora
683 2832 720 2895 61
743 2830 839 2911 quasi
862 2828 1058 2910 perfectiora
1080 2826 1174 2891 fiant.
1199 2825 1232 2889 A

99 2937 200 3016 parvis
224 2937 332 3003 initiis
355 2938 475 3003 crescit
497 2937 637 3020 caritas,
659 2953 745 3018 quae
763 2953 831 3000 non
853 2934 991 2999 unicum
1013 2934 1139 2999 bonum
1161 2934 1231 3012 661,

99 3042 149 3107 sed
177 3044 272 3109 cuius
304 3060 365 3125 ope
396 3044 429 3108 id
451 3044 636 3125 perficitur,
662 3043 749 3124 quod
773 3044 891 3116 antea,
916 3039 1074 3122 quamdiu
1098 3038 1163 3103 alia
1185 3055 1232 3102 re·
1366 3058 1369 3064 ¹

99 3165 165 3213 rum
194 3150 279 3215 ratio
303 3152 392 3231 erat,
417 3150 535 3215 itidem
558 3151 684 3215 honum
707 3151 789 3215 6161.
822 3145 934 3229 Atque
957 3148 1005 3212 616
1028 3146 1063 3210 16
1087 3146 1232 3227 disputa-

100 3253 180 3319 tione
202 3255 242 3321 de
266 3255 447 3321 moralibus
470 3254 640 3337 principiis
662 3255 824 3337 jndicium
847 3272 915 3319 nou
939 3254 1062 3333 pendet
1084 3268 1127 3317 ex
1149 3253 1232 3319 veri·

99 3360 178 3444 tate,
212 3363 269 3427 sed
303 3378 346 3426 ex
380 3362 529 3427 utilitate
563 3364 599 3448 et
629 3361 662 3425 id
697 3361 913 3443 potissimum
942 3360 1129 3443 quaeritur,
1154 3360 1233 3440 quid

101 3459 236 3533 maxime
255 3468 362 3550 prosit
382 3468 440 3549 116,
461 3468 519 3549 661
535 3468 603 3533 illis
623 3467 793 3549 principiis
812 3469 976 3548 tanquam
994 3466 1133 3531 ducibus
1145 3466 1232 3531 adul·

99 3573 162 3638 tam
184 3577 334 3641 66161616
356 3567 538 3654 ingressuri
561 3576 652 3639 sunt.

137 3681 255 3761 Quodsi
288 3681 324 3746 in
354 3680 493 3746 caritate
524 3679 637 3746 omnia
667 3680 803 3759 insunt,
836 3680 974 3759 apparet
996 3678 1068 3744 sine
1091 3678 1231 3744 caritate

101 3786 193 3851 etiam
226 3803 369 3867 puerum
399 3786 481 3849 οὐδὲν
515 3802 599 3851 esse.
635 3785 758 3866 Quodsi
789 3786 906 3849 contra
936 3784 1058 3849 6611166
1078 3787 1143 3849 est
1166 3802 1232 3865 qua

102 3890 195 3956 adulti
218 3892 283 3957 viri
305 3892 417 3957 virtus
438 3896 609 3973 censetur,
634 3892 664 3957 16
686 3891 804 3973 quiea
828 3893 936 3965 caret,
961 3908 1028 3955 non
1053 3893 1107 3956 est
1130 3890 1228 3975 οὐδὲν,

102 3996 152 4059 sed
169 3997 280 4069 νήπιος.
311 3998 484 4063 Virtutem
508 3998 709 4079 squamis,
734 3999 847 4062 totum
870 3997 999 4061 coelum
1021 3996 1163 4063 interest
1185 3996 1232 4061 in-

19 4105 21 4110 ’
104 4101 148 4165 ter
169 4104 247 4167 οὐδὲν
271 4107 307 4171 61
330 4102 442 4177 νήπιον.

143 4209 234 4276 Nunc
253 4227 383 4293 quoque
402 4211 442 4276 fit
463 4211 549 4292 quod
570 4211 641 4292 jam
658 4209 760 4275 toties
782 4208 1044 4275 observavimus.
1068 4209 1158 4290 Quae
1181 4228 1232 4291 pe·

104 4312 220 4396 ricopae
245 4318 281 4382 in
310 4316 471 4397 Epistulis
502 4316 726 4381 Christianam
749 4315 909 4394 originem
932 4332 1000 4380 non
1023 4315 1165 4397 habent,
1189 4333 1232 4381 ex
1341 4328 1363 4421 Ἰ

104 4416 212 4487 intima
241 4422 446 4504 philosophia
472 4422 662 4504 depromtae
685 4424 720 4487 61
743 4425 897 4487 66661616
920 4422 1116 4486 6666616166
1139 4424 1230 4487 sunt.

105 4524 168 4591 Aut
195 4532 249 4595 est
277 4531 340 4595 aut
369 4546 436 4595 non
465 4531 535 4595 est:
564 4526 938 4605 661116116616161.
969 4527 1126 4607 Angusta
1150 4528 1231 4591 sunt
