3192 5325
676 509 719 576 25

116 693 198 758 olim
225 695 343 760 statim
365 695 570 778 sequebatur
588 698 665 777 post
683 714 734 762 νε.
751 696 803 759 12.
818 694 1074 761 Provocaturad
1087 689 1269 776 τορνὶδυονυ,

114 801 403 882 quemadmodum
435 802 470 868 in
504 802 585 868 libro
619 802 774 878 Judaioo‚
798 801 856 884 qui
879 800 1006 883 primae
1028 799 1193 882 epistulae
1212 815 1272 880 pro

111 907 338 973 fundamento
360 911 414 973 est
437 908 494 990 (of.
521 910 537 973 1
563 909 678 974 Thess.
703 910 739 989 4,
768 909 783 972 1
810 914 904 990 sqq).
1094 913 1098 918 ’

162 1014 320 1079 Tertium
356 1017 458 1094 caput
480 1014 629 1080 indidem
652 1017 720 1098 est,
748 1014 836 1081 unde
859 1015 1015 1079 desumta
1038 1014 1120 1078 sunt
1149 1013 1177 1092 1,
1204 1010 1263 1074 5-

114 1118 158 1182 10
182 1121 221 1183 et
246 1120 276 1200 2,
304 1121 432 1202 1-12,
466 1121 598 1186 sedhic
621 1120 685 1186 11116
708 1122 917 1202 interstrepit
940 1119 1063 1184 Paulus
1086 1118 1270 1199 Episcopus

112 1242 241 1306 nempe
264 1243 312 1291 νε.
339 1227 358 1289 7
384 1226 472 1302 [inde
495 1227 537 1291 ab
560 1222 604 1290 ὅτε
630 1227 697 1312 οὐκ)
721 1244 828 1308 usque
850 1227 892 1291 ad
913 1243 963 1290 νε.
983 1225 1026 1289 13
1050 1223 1262 1288 etvss.16-

112 1331 167 1395 18.
191 1331 273 1396 Vss.
297 1332 373 1397 761
397 1334 435 1397 11
459 1333 653 1413 planissime
672 1350 740 1399 11611
751 1331 917 1398 intellexit
928 1331 1007 1412 quid
1019 1333 1110 1396 esset
1122 1327 1268 1401 νἐτοίντυο

112 1445 317 1515 περεοοονεῖν,
344 1440 431 1518 quod
456 1439 641 1504 secundum
664 1457 716 1505 νε.
740 1440 761 1503 6
784 1440 874 1505 idem
897 1438 1056 1518 estquod
1076 1436 1119 1512 ab
1141 1457 1268 1514 περιτο-

113 1550 178 1607 τεῖυ
218 1543 303 1607 κατὰ
339 1545 393 1617 τὴν
429 1544 613 1622 παράδοσιν·
647 1563 768 1627 nempe
798 1544 1062 1610 credebatidem
1086 1542 1269 1624 essequod

112 1647 211 1726 μηδὲν
230 1647 412 1730 ε’ννοὶζευθον
428 1651 526 1732 idque
538 1651 664 1717 crimen
675 1652 771 1731 longe
783 1669 804 1716 a
815 1667 850 1716 so
862 1651 1104 1715 removendum
1114 1649 1266 1714 duoebat.

114 1757 211 1838 Quod
248 1757 369 1836 legitur
405 1758 435 1841 3,
471 1758 511 1822 15
544 1758 710 1822 νουθετεῖτε
742 1757 920 1840 respondet
944 1756 1056 1822 verbis
1079 1772 1164 1838 quae
1188 1758 1270 1821 sunt

116 1863 132 1925 1
160 1862 281 1928 Thess.
307 1862 336 1947 5,
368 1865 425 1928 14:
450 1864 617 1926 νουθετεῖτε
641 1863 710 1933 τοὺς
735 1863 902 1931 eremos.

161 1968 316 2050 Denique
348 1970 519 2050 quaeritur
549 1988 634 2051 quae
657 1970 769 2050 religio
792 1969 983 2034 Christiana
1006 1967 1189 2032 inouloetur
1211 1967 1265 2032 his

115 2073 251 2140 duabus
276 2075 429 2157 epistulis
453 2079 487 2140 et
510 2077 749 2158 respondemus
772 2077 838 2141 ita:

164 2200 196 2246 o.
226 2181 322 2246 Iesus
346 2185 399 2248 est
421 2183 577 2248 dominus
600 2184 757 2249 fidelium.

163 2286 193 2350 d.
220 2287 374 2354 Mortuus
398 2291 452 2353 est
476 2291 511 2352 et
534 2289 729 2354 resurrexit.

162 2391 245 2457 Alia
268 2393 394 2459 trustra
417 2411 567 2476 quaeras.
592 2395 708 2477 Neque
731 2395 772 2459 de
796 2395 877 2460 lesu
897 2393 970 2458 vita
981 2391 1150 2473 terrestri,
1165 2408 1271 2474 neque

116 2498 156 2562 de
181 2499 353 2582 doctrina,
380 2518 488 2582 neque
512 2502 552 2565 de
575 2518 688 2583 611166,
713 2517 820 2582 neque
844 2501 884 2565 de
905 2500 1034 2564 ratione
1054 2515 1139 2580 quae
1150 2499 1181 2563 ei
1192 2516 1271 2564 oum

116 2605 186 2672 Deo
224 2605 468 2688 interoedebat‚
507 2625 615 2690 neque
646 2609 686 2674 de
718 2606 865 2690 peccatis
895 2622 1054 2672 eorumve
1076 2605 1271 2671 remissione

118 2713 304 2793 quidquam
323 2714 494 2779 invenitur
516 2715 552 2779 in
575 2716 680 2780 altera
703 2718 782 2780 utra
803 2711 966 2793 Epistula.

164 2819 298 2884 Fierine
318 2820 441 2901 potuit
464 2823 505 2885 ut
528 2838 586 2886 eae
609 2822 772 2903 epistulae
796 2820 900 2885 talem
922 2819 1066 2885 formam
1088 2820 1268 2898 haberent,

119 2926 149 2989 si
166 2942 250 2990 vera
273 2925 383 2991 forent
400 2943 439 2991 ea
459 2944 543 3008 quae
562 2928 602 2992 de
621 2928 739 3010 primis
758 2926 940 3005 originibus
959 2928 1093 2991 nostrae
1105 2923 1271 3003 religionis

118 3030 209 3095 tradi
234 3031 368 3097 solent?
500 3031 501 3034 ’
