3192 5325
910 490 952 553 16

356 669 554 734 offendimus
581 671 616 734 in
639 675 790 735 extremo
813 688 865 735 νε.
895 671 934 734 13
959 670 1152 752 faciliusque
1176 672 1271 738 nobis
1297 673 1507 754 persuadebi-

356 793 433 840 mus
464 777 525 841 hoc
556 777 654 841 modo
685 777 789 843 trisse
822 780 1014 858 peccatum,
1051 778 1079 842 si
1103 778 1344 845 contulerimus
1369 781 1399 859 3,
1427 775 1511 857 9εηῖ

356 882 472 965 (χαρᾷ)
496 882 648 962 χαίρομεν
673 881 710 945 δι’
737 883 819 955 ὑμᾶς
844 883 1011 959 ἔμπροσθεν
1035 888 1087 946 τοῦ
1113 886 1178 948 θεοῦ
1204 887 1297 960 ἡμῶν.
1322 885 1369 951 De
1393 886 1511 950 Verbis

357 989 410 1051 ἐὰν
435 990 549 1060 cinara
575 989 604 1051 ἐν
629 988 734 1067 κυρίῳ,
760 1007 811 1055 vs.
837 986 890 1068 8¹),
916 1008 1017 1072 supra
1036 991 1106 1072 jam
1130 992 1278 1057 diximus
1298 993 1449 1073 itemque
1470 993 1510 1056 de

357 1113 408 1160 vs.
435 1096 486 1160 13.
507 1095 576 1162 Νοο
599 1113 681 1161 sane
704 1096 919 1177 potissimum
930 1097 1156 1162 confirmanda
1169 1099 1265 1164 corda
1278 1098 1457 1173 ἀμέμπτως
1469 1099 1508 1176 [52]

357 1206 387 1268 ἐν
417 1201 572 1280 οὶηιοσῦηη
604 1201 633 1264 ἕο
663 1211 701 1279 τη
734 1204 902 1283 σοροοσίηι.
934 1219 1038 1282 quum
1061 1206 1211 1268 ceterum
1233 1203 1316 1268 nihil
1341 1221 1425 1286 opus
1452 1205 1510 1270 sit.

355 1311 480 1378 Deinde
510 1327 569 1375 cur
599 1308 737 1374 tandem
760 1309 893 1373 additur
917 1307 947 1370 ἐν
972 1307 1058 1385 κυρίη
1085 1309 1182 1380 ’Ἰησοῦ
1208 1312 1238 1390 4,
1265 1311 1312 1374 l‘l
1336 1310 1421 1390 Quid
1447 1311 1509 1389 sig·

356 1419 472 1483 nificat
491 1415 541 1479 διὰ
565 1419 618 1478 σοῦ
642 1414 740 1490 κυρίου
762 1413 860 1484 Ἰησοῦ
881 1433 931 1479 νε.
954 1416 1000 1478 2?
1021 1414 1084 1508 Sed
1105 1415 1270 1496 imprimis
1289 1433 1351 1482 nos
1371 1420 1506 1498 movet,

356 1525 443 1607 quod
479 1526 509 1606 4,
548 1524 588 1587 14
617 1522 744 1588 mentio
775 1521 816 1586 de
844 1522 923 1586 Jesu
948 1517 1055 1585 morte
1079 1525 1115 1586 et
1138 1523 1379 1588 resurrectione
1404 1523 1510 1587 nimis

355 1632 452 1710 longe
475 1629 582 1712 petita
604 1631 659 1693 cst
679 1629 815 1709 jamque
838 1627 1190 1692 animadvertebamus
1213 1628 1395 1707 particulas
1420 1628 1446 1691 εἰ
1474 1630 1509 1692 et

357 1732 449 1807 οὕτως
482 1736 567 1801 male
598 1733 743 1815 copulari
773 1749 881 1813 neque
912 1736 990 1813 apte
1021 1733 1178 1812 explicari
1210 1751 1306 1815 posse
1337 1734 1412 1800 illa:
1437 1735 1509 1802 robe

357 1842 554 1917 κοιμηθέντας
580 1838 631 1902 διὰ
655 1844 707 1901 τοῦ
731 1839 830 1909 Ἰησοῦ
851 1836 919 1910 ἄξει
941 1837 996 1899 σὺν
1018 1838 1112 1912 αὐτῷ.
1142 1839 1226 1920 Quid
1243 1841 1330 1920 quod
1349 1843 1508 1922 apparuit

356 1950 451 2014 nobis
480 1949 516 2012 in
546 1947 699 2012 versibus
731 1947 761 2025 4,
797 1946 929 2010 13-18
954 1945 1023 2014 τοὺς
1049 1944 1187 2021 νοσσοὺς,
1213 1947 1271 2027 <lui
1295 1964 1345 2012 νε.
1375 1948 1416 2011 13
1442 1965 1507 2012 me·

357 2058 547 2137 morantur,
585 2051 770 2118 necessario
806 2069 879 2117 esse
910 2050 1021 2117 fideles
1051 2053 1164 2133 itaque
1199 2069 1273 2118 esse
1297 2053 1508 2120 Chn'stianos
1586 2067 1588 2146 η

356 2165 400 2238 μη
426 2160 557 2241 ἔχοντος
582 2159 714 2231 ἐλπίδα,
747 2159 835 2239 quod
868 2175 949 2224 sane
973 2159 1097 2224 mirum
1119 2162 1187 2242 est,
1214 2162 1254 2223 ut
1278 2160 1398 2226 leniter
1422 2161 1506 2226 dica·
1587 2167 1588 2226 l

357 2289 451 2350 mue,
476 2271 644 2349 inopere,
666 2266 752 2346 quod
772 2267 885 2330 totum
905 2269 1072 2346 quantum
1091 2269 1145 2331 est
1164 2267 1332 2332 tribuetur
1345 2268 1507 2348 Apostclo
1586 2273 1588 2342 l

358 2376 552 2442 Gentilium.
578 2371 789 2438 Conferimus
813 2372 915 2435 etiam
936 2370 965 2453 5,
990 2373 1031 2435 10
1050 2388 1127 2437 cum
1147 2373 1178 2446 4,
1201 2373 1251 2454 18,
1270 2373 1327 2437 ubi
1348 2371 1377 2435 ἐν
1398 2372 1504 2453 κυρίῳ,
1587 2345 1588 2436 l

357 2486 516 2565 quaeest
539 2479 668 2545 Codicis
691 2478 850 2542 Vaticani
869 2477 966 2542 lectio
989 2478 1153 2543 nonsatis
1172 2478 1350 2558 respondet
1370 2496 1505 2561 praepo-

359 2590 473 2656 sitioni
501 2586 573 2668 σύη,
610 2603 695 2669 quae
729 2583 793 2649 illic
829 2585 1011 2648 invenitur.
1044 2570 1169 2649 Deinde
1202 2585 1239 2668 5,
1268 2587 1308 2650 18
1339 2587 1443 2652 verba
1476 2587 1504 2648 ἐν
1586 2661 1587 2671 ¹

355 2697 453 2776 χριςῷ
477 2698 574 2767 Ἰησοῦ
599 2694 629 2767 si
651 2694 824 2774 abessent,
851 2708 950 2756 nemo
975 2693 1163 2771 requireret.

401 2804 465 2869 Sed
492 2803 574 2867 haec
605 2799 717 2865 omnia
748 2799 830 2862 dnm
860 2800 1073 2880 reputamus,
1103 2815 1145 2862 ne
1168 2798 1230 2864 hcc
1251 2800 1384 2880 quidem
1403 2801 1504 2880 negli-

356 2911 500 2991 gendum
530 2908 684 2972 ducimus
712 2922 771 2986 per
794 2906 906 2968 totam
929 2904 1107 2983 epistulam
1130 2904 1323 2983 religionem
1347 2905 1505 2971 Christia-
1585 2904 1586 2913 ³

355 3036 436 3083 nam
455 3016 512 3081 vix
530 3013 665 3079 incertis
683 3010 898 3075 lineamentis
910 3010 1110 3074 adumbrari.
1133 3012 1164 3075 A
1177 3014 1271 3091 parte
1283 3012 1410 3077 ethices
1422 3010 1506 3077 nihil

355 3124 453 3204 plane
476 3124 546 3201 est,
576 3137 641 3200 quo
664 3116 846 3181 Christiani
864 3116 906 3182 ab
926 3113 1059 3196 reliquis
1078 3116 1274 3182 mortalibus
1294 3118 1505 3195 distinguun-
1584 3150 1585 3159 =

356 3232 415 3293 tur
448 3218 540 3308 Quod
556 3225 598 3290 ad
618 3224 736 3289 Jesum
754 3222 897 3303 attinet,
919 3222 1023 3286 etiam
1047 3222 1101 3287 hic
1120 3222 1203 3287 nihil
1221 3223 1375 3288 laudatur
1386 3241 1505 3289 eorum

356 3351 440 3416 quae
459 3334 559 3415 dixit,
581 3331 662 3396 nihil
680 3346 796 3395 eorum
817 3344 900 3409 quae
920 3329 1006 3393 fecit.
1022 3328 1146 3393 Montio
1159 3328 1198 3392 fit
1210 3329 1250 3394 de
1262 3332 1387 3409 morte,
1402 3331 1507 3395 etiam

356 3442 397 3505 de
426 3437 685 3517 resurrectione;
717 3435 840 3499 sedne
864 3434 903 3498 de
928 3450 1024 3498 cruce
1047 3435 1180 3514 quidem
1204 3436 1385 3516 quidquam
1412 3437 1503 3501 audi·

355 3564 444 3611 mus,
467 3545 578 3610 Pauca
600 3544 681 3607 haec
704 3544 787 3605 sunt
810 3542 845 3604 et
868 3539 1022 3619 pauciora
1046 3557 1147 3620 quam
1172 3541 1247 3621 quis
1271 3543 1444 3622 putaverit
1469 3544 1504 3607 in

356 3653 508 3719 omnium
537 3648 774 3715 vetustissima
804 3646 956 3727 epistula.
988 3646 1111 3711 Contra
1135 3647 1194 3711 vix
1216 3648 1316 3713 fidem
1340 3649 1504 3714 habemus

356 3758 460 3825 oculis
483 3756 624 3835 nostris,
649 3755 731 3818 dum
753 3752 809 3817 illa
827 3751 969 3829 legimus
989 3768 1073 3832 quae
1092 3768 1223 3817 merum
1242 3754 1504 3821 eclecticismum

356 3864 509 3945 sapiunt:
534 3860 640 3924 πάντα
665 3858 696 3921 δὲ
718 3855 918 3935 δοκιμάζετε,
944 3860 978 3918 τὸ
1003 3856 1097 3920 nabbe
1123 3857 1300 3935 κατέχετε,
1327 3860 1364 3941 5,
1391 3862 1445 3925 21.

400 3970 477 4034 Tria
496 3966 713 4049 potissimum
730 3966 827 4046 sunt,
849 3981 933 4045 quae
955 3981 997 4027 ex
1016 3964 1058 4029 iis
1076 3982 1160 4045 quae
1178 3966 1394 4050 praecedunt,
1415 3967 1503 4033 ellici

354 4092 452 4159 posse
475 4074 652 4140 ridentur:
1385 4074 1387 4079 ’
1580 4136 1581 4157 η

403 4184 429 4247 Ι.
450 4180 540 4246 Talis
558 4182 610 4243 est
627 4180 745 4243 textus
764 4178 927 4260 conditio,
948 4181 988 4243 ut
1000 4178 1138 4244 minime
1151 4178 1302 4243 credibile
1317 4178 1363 4243 sit
1379 4180 1503 4259 epistu-
1580 4158 1581 4251 l

352 4290 421 4356 lam
439 4304 507 4353 uno
528 4287 661 4357 tenore,
681 4285 724 4348 ab
742 4301 810 4349 uno
821 4285 1001 4364 eodemque
1013 4284 1173 4364 scriptore
1184 4302 1258 4349 esse
1270 4285 1501 4365 compositam.
1579 4334 1580 4359 ,

400 4395 443 4460 II.
467 4391 536 4457 Nec
558 4390 667 4468 magis
690 4393 824 4455 constat
847 4391 910 4456 sibi
934 4391 1090 4473 scriptor,
1116 4390 1172 4455 ubi
1196 4391 1235 4456 de
1255 4406 1291 4456 se
1311 4391 1382 4472 ipso
1404 4392 1503 4473 loqui·

356 4505 429 4583 tur,
453 4516 534 4563 nam
558 4496 687 4562 variam
710 4514 749 4562 ac
771 4497 967 4564 mutabilem
993 4497 1102 4579 prodit
1125 4497 1279 4563 indolem.

1569 4952 1577 5293 l
