3192 5325
892 509 956 574 264

391 693 469 770 Pag.
495 692 539 755 80
565 692 651 756 extr.
683 694 699 754 i
724 689 872 756 Corinth.
900 688 1495 774 11119.6661666111116161661116

347 799 437 863 hunc
470 796 675 862 versiculum
703 797 897 862 recentioris
929 815 1003 863 esse
1033 797 1176 862 fabricae
1199 796 1297 877 idque
1320 795 1416 874 argui
1440 793 1496 858 Co-

348 905 459 969 dicum
483 903 699 969 dissensione.

393 1010 472 1088 Pag.
497 1008 540 1074 83
563 1027 613 1073 vs.
641 1010 693 1074 20.
721 1012 737 1074 1
760 1009 908 1075 Corinth.
932 1011 982 1092 10,
1005 1009 1044 1073 3:
1065 1010 1098 1075 τὸ
1119 1007 1194 1072 αὐτὸ
1215 1011 1311 1074 deest
1328 1007 1495 1073 inCodice

348 1103 507 1180 Sinaiticc
528 1117 563 1178 61
586 1114 814 1179 Alexandrino
832 1115 985 1196 idemque
1004 1115 1203 1180 vocabulum
1221 1113 1377 1194 sequenti
1394 1127 1495 1176 versu

347 1222 441 1302 deest
464 1221 498 1284 in
523 1219 639 1284 Codice
661 1219 899 1285 Alexandrino.
920 1220 983 1284 Sed
1002 1218 1495 1299 etiamsihiscmissislegeris:

349 1325 464 1396 πάντες
504 1325 713 1400 πνευματικὸν
754 1324 867 1404 βρῶμα
905 1323 1027 1402 ἔφαγον
1064 1328 1099 1390 et
1134 1326 1250 1395 πάντες
1285 1313 1495 1401 πνευματικὸν

347 1432 429 1496 ἔπιον
463 1431 569 1512 πόμα,
604 1449 673 1497 non
707 1433 873 1498 credimus
901 1432 944 1499 ad
973 1433 1007 1496 id
1035 1433 1121 1513 quod
1149 1432 1282 1512 agimus
1315 1432 1495 1514 quidquam

348 1530 526 1621 interesse,
550 1555 630 1603 nam
648 1538 683 1602 in
699 1537 946 1621 disputatione,
970 1555 1054 1619 quae
1074 1539 1136 1603 hoc
1155 1539 1263 1618 capita
1283 1539 1493 1614 continetur,

347 1645 431 1711 velis
463 1645 548 1709 nolis
583 1644 757 1722 cogitando
793 1645 909 1708 tamen
946 1643 1114 1724 supplebis
1150 1643 1236 1724 quod
1272 1661 1339 1708 non
1374 1642 1495 1708 diserte

347 1751 565 1818 enunciatum
588 1753 651 1815 est.
677 1750 745 1815 Nec
767 1753 938 1829 praeterea
961 1750 1173 1815 concedimus
1198 1751 1357 1817 continuo
1382 1747 1495 1829 spuria

347 1875 422 1923 esse
452 1874 537 1936 quaa
568 1856 604 1920 in
633 1857 727 1920 libris
757 1874 841 1937 quos
871 1857 1036 1939 diximus,
1068 1874 1136 1920 non
1157 1857 1393 1937 inveniantur,
1417 1870 1495 1918 nam

346 1966 409 2029 hoc
431 1964 544 2044 ipsum
566 1962 766 2027 vocabulum
789 1963 950 2044 spartum
974 1980 1042 2027 non
1067 1963 1150 2027 satis
1174 1963 1395 2043 perspicimus
1417 1958 1494 2040 quid

242 2064 246 2073 '
348 2071 531 2151 significet,
568 2069 673 2134 sicubi
708 2085 819 2133 sermo
853 2069 893 2132 fit
927 2068 968 2133 de
1002 2070 1102 2133 textu
1132 2086 1198 2134 non
1230 2067 1405 2148 primitivo
1436 2064 1492 2129 sed

349 2177 483 2258 saepius
512 2178 704 2241 retractato.
734 2175 913 2240 Homerica
943 2175 1092 2240 carmina
1121 2176 1216 2240 nobis
1238 2175 1392 2255 exemplo
1415 2173 1493 2238 sint.

348 2283 440 2347 Satis
461 2282 660 2360 intelligitur
682 2299 741 2363 per
763 2297 881 2347 omnes
904 2279 1004 2345 libros
1027 2281 1090 2346 alia
1114 2281 1269 2360 deinceps
1292 2279 1368 2344 aliis
1388 2295 1494 2358 super-

348 2387 461 2454 addita
484 2388 604 2468 trisse,
630 2387 688 2452 sed
712 2387 798 2467 quod
822 2387 975 2468 spurium
998 2386 1063 2451 11111
1086 2404 1152 2467 quo
1176 2389 1325 2466 tempore
1348 2385 1493 2466 primum

349 2511 427 2558 oum
449 2493 600 2573 pristinis
623 2493 735 2558 verbis
759 2493 895 2572 coaluit,
920 2493 953 2556 id
973 2493 1045 2573 jam
1068 2492 1253 2571 genuinum
1275 2491 1357 2572 6111,
1379 2491 1410 2555 61
1425 2507 1494 2555 con·

349 2599 467 2664 tuleris
500 2616 556 2681 ea,
591 2616 676 2681 quae
711 2602 843 2681 postera
877 2600 972 2665 aetas
1006 2598 1232 2679 interpolavit.
1274 2593 1417 2679 Spurius
1451 2595 1494 2659 sit
1582 2655 1583 2691 ,

349 2706 497 2770 Navium
521 2706 715 2787 Catalogus,
738 2706 796 2770 sed
813 2723 892 2770 eum
911 2706 1023 2785 ipsum
1042 2705 1227 2784 genuinum
1238 2703 1490 2787 appellabimus,
1582 2706 1583 2773 l

349 2812 378 2875 si
407 2811 493 2877 forte
517 2815 696 2901 quaeretur
721 2813 762 2876 de
785 2811 1052 2893 supplementis,
1077 2812 1198 2892 quibus
1221 2814 1338 2893 postea
1361 2828 1402 2875 66
1424 2808 1493 2889 ipsa

349 2916 461 2981 Iliadis
490 2935 568 2998 pars
604 2917 752 2981 distenta
782 2917 858 2982 tuit.
893 2916 1065 2997 Quantum
1097 2917 1232 2998 quidem
1263 2916 1335 2981 fieri
1367 2917 1489 2996 potest,

349 3013 500 3103 tempora
517 3024 754 3101 distinguenda
774 3025 857 3086 sunt
877 3025 912 3087 et
924 3021 1022 3103 plane
1035 3024 1136 3089 iidem
1148 3040 1267 3089 versus
1279 3023 1379 3087 modo
1393 3018 1493 3101 spurii

349 3129 446 3194 modo
465 3129 600 3208 genuini
623 3128 687 3192 dici
704 3130 874 3210 poterunt.
910 3127 974 3192 Sed
997 3129 1030 3193 id
1056 3145 1154 3193 omne
1178 3128 1331 3209 spurium
1354 3128 1493 3191 fortasse

349 3232 455 3314 (11666,
476 3234 563 3313 quod
580 3251 647 3297 non
667 3234 714 3297 611
732 3232 1035 3313 antiquissimum?
1052 3235 1181 3299 Verum
1200 3233 1234 3298 id
1246 3234 1360 3314 ipsum
1372 3230 1493 3313 quaeri·

349 3339 406 3402 tur
421 3355 616 3418 semperque
634 3339 777 3404 fortasse
796 3341 990 3421 quaeretur,
1005 3339 1084 3420 quid
1096 3340 1233 3404 tandem
1245 3338 1292 3404 sit
1304 3335 1492 3419 antiquissi-

351 3460 455 3507 mum.
479 3443 603 3508 Deinde
627 3444 780 3524 spurium
803 3444 909 3525 (11666,
930 3444 1017 3524 quod
1039 3462 1106 3510 non
1129 3444 1196 3509 fuit
1215 3445 1251 3509 in
1270 3447 1441 3526 postrema
1459 3443 1492 3505 61

349 3547 498 3626 legitima
539 3549 749 3633 recensione,
785 3550 881 3614 cuius
916 3551 1099 3615 auctoritas
1135 3567 1267 3630 semper
1302 3554 1338 3615 61
1374 3549 1491 3627 ubique

350 3653 492 3717 maximi
513 3654 665 3719 habenda
687 3657 750 3719 661.
774 3655 903 3719 Verum
926 3672 1093 3737 quaenam
1115 3674 1156 3721 ea
1174 3656 1323 3721 recensio
1347 3654 1491 3721 66111111

350 3757 563 3824 Aristarchi?
586 3760 704 3841 ltaque
727 3759 762 3824 in
786 3764 959 3841 posterum
980 3778 1023 3825 ne
1041 3761 1152 3826 licebit
1172 3761 1307 3841 quidem
1320 3774 1489 3841 quaerero,

351 3864 440 3931 sitne
471 3865 620 3930 Navium
653 3866 832 3945 Catalogus
863 3867 970 3947 ipsius
1005 3869 1121 3948 poetae
1156 3883 1239 3947 opus
1275 3867 1405 3930 necne?
1439 3864 1491 3929 An

350 3970 520 4035 Pisistrati
550 3970 616 4034 icit
647 3971 832 4055 exemplar,
868 3972 909 4037 ad
933 3972 1020 4052 quod
1044 3972 1158 4037 omnia
1180 3971 1377 4036 examinare
1400 3971 1491 4035 debe·
1582 4010 1583 4015 κ

352 4075 455 4139 mus?
479 4074 560 4156 Sed,
579 4078 620 4138 ut
642 4076 707 4139 alia
729 4077 838 4141 multa
861 4080 1050 4159 1666611116,
1076 4078 1117 4141 de
1140 4076 1193 4141 illo
1205 4074 1391 4155 exemplari
1403 4076 1492 4157 plura

352 4179 514 4259 suspicari
536 4196 732 4263 possumus,
754 4199 858 4261 quam
873 4182 997 4262 liquido
1016 4182 1192 4247 affirmare.
1212 4182 1373 4262 Pleraque
1385 4181 1492 4246 omnia
1582 4178 1583 4221 l

352 4284 506 4364 deinceps
537 4286 670 4365 saepius
701 4287 841 4350 fuerunt
870 4290 1072 4362 retractata,
1098 4303 1159 4351 nec
1182 4288 1341 4352 novimus
1365 4286 1491 4368 quando

352 4390 499 4471 primum
520 4407 589 4456 una
606 4391 759 4456 alterave
781 4392 929 4457 recensio
949 4392 1048 4472 vulgo
1072 4395 1206 4473 recepta
1229 4394 1276 4457 sit
1295 4394 1349 4475 et,
1364 4389 1492 4457 etiamsi

353 4495 387 4559 id
409 4496 587 4578 sciremus,
613 4500 729 4562 tamen
751 4495 886 4582 lateret,
913 4498 1031 4579 quanti
1054 4515 1093 4564 66
1116 4498 1264 4565 recensio
1288 4496 1490 4565 habendas-
