3192 5325
616 540 680 606 157

85 717 134 781 καὶ
154 718 178 781 οἱ
200 718 344 790 σωθέντες
368 724 431 783 τοῦ·
447 719 563 796 Ἰακὼβ
587 720 688 785 οὐκέτι
711 721 756 796 μὴ
786 721 963 794 πεποιθότες
988 721 1059 788 ὦσιν
1083 724 1132 786 ἐπὶ
1156 724 1227 796 τοὺς

84 824 287 898 ιὶδικήοοιντοις
324 826 460 902 αὐτούς,
497 828 572 891 ἀλλ’
609 825 727 891 ἔσονται
764 827 941 901 πεποιθότες
980 831 1029 893 ἐπὶ
1066 830 1117 893 τὸν
1153 830 1227 906 θεόν,

85 935 122 996 01
151 951 226 998 0001
259 933 361 998 LXX
390 935 576 1014 loquamur.
611 935 798 1016 Itidemque
830 937 848 993 2
883 938 963 1016 Reg.
992 939 1051 1018 193
1077 939 1138 1003 31:
1167 939 1229 1024 „Et
1299 1006 1305 1018 ,

84 1039 307 1121 quodcumque
328 1040 493 1120 reliquum
516 1040 617 1105 fuerit
641 1041 682 1104 de
705 1041 805 1106 domo
825 1042 845 1106 J
847 1043 927 1126 uda,
943 1044 1060 1108 mittet
1081 1045 1228 1110 radicem

85 1143 231 1210 deorsum
260 1147 298 1209 et
327 1146 427 1210 faciet
458 1145 607 1210 fructum
637 1163 783 1210 sursum.
818 1147 865 1212 De
898 1148 1084 1213 Jerusalem
1106 1151 1228 1230 quippe

86 1250 288 1328 egredientur
310 1251 466 1332 reliquiae
488 1253 524 1314 et
547 1251 634 1330 quod
658 1252 810 1316 salvetur
834 1253 873 1318 de
898 1256 1014 1318 monte
1036 1253 1130 1336 Sion,
1156 1257 1226 1337 vel,

86 1355 164 1434 quod
197 1356 298 1420 LXX
332 1357 472 1437 habent,
506 1352 540 1429 ἐξ
569 1354 769 1431 Ἰερουσαλὴμ
794 1355 992 1431 ἐξελεύσεται
1017 1361 1226 1437 κοιτοέλειμμοι

86 1460 134 1522 καὶ
158 1460 384 1539 οὶνιιοωζόμεοος
410 1459 444 1534 ἐξ
467 1459 545 1540 ὄρους
568 1461 655 1525 Σιών.

126 1567 198 1632 Jam
227 1568 418 1633 reducimur
446 1568 489 1633 ad
518 1567 575 1633 illa
596 1571 713 1633 vetera
735 1570 831 1634 Rom.
856 1571 891 1650 9,
919 1569 1049 1652 6-16;
1074 1573 1223 1655 27-29,

86 1673 137 1752 qui
165 1674 255 1739 loeus
286 1674 364 1738 inde
386 1674 486 1738 duxit
508 1674 659 1739 colorem.
683 1675 763 1739 Post
787 1675 1019 1755 septingentos
1042 1695 1147 1742 annos
1170 1678 1225 1742 Ju-

86 1778 169 1844 daeis
191 1779 375 1860 periculum
397 1780 555 1845 imminet
576 1781 619 1845 ab
642 1781 836 1862 Occidente,
862 1783 904 1847 ab
925 1783 1104 1849 Romanis:
1126 1802 1227 1866 quam

86 1883 175 1949 aride
207 1889 290 1950 tunc
319 1902 377 1950 eos
398 1885 570 1964 excepisse
593 1885 766 1950 credemus
788 1887 914 1951 veteris
938 1889 1119 1968 prophetae
1143 1892 1226 1954 vati-

87 1989 219 2055 cinium:
243 1991 278 2053 rt
303 1990 485 2066 ὑπόλειμμα
509 1991 696 2066 σωθήσεται,
722 1995 799 2072 post
823 1995 955 2074 septem
979 1996 1111 2059 saecula
1132 1996 1227 2061 itera-

86 2097 209 2160 tumet
230 2100 363 2178 septem
386 2097 527 2162 saeculis
550 2097 798 2162 confirmatum.

126 2201 198 2266 Jam
228 2203 300 2267 dele
331 2221 401 2267 vss.
433 2203 519 2266 1-5
542 2201 623 2268 illud
646 2202 709 2264 ἀπὸ
734 2205 787 2265 τοῦ
811 2207 919 2280 χριςοῢ
951 2205 1038 2285 quod
1061 2205 1225 2286 explicare

86 2323 145 2370 uon
162 2310 334 2388 potuimus
352 2310 465 2389 sitque
491 2308 587 2372 nobis
611 2306 754 2382 ἀνάθεμα
779 2309 867 2374 idem
890 2311 977 2390 quod
1002 2310 1226 2386 ἀντάλλαγμα

89 2412 160 2489 (Jes.
184 2413 308 2480 Sirach.
333 2415 395 2489 44,
423 2415 462 2478 17
487 2416 523 2478 et
546 2414 567 2478 4
591 2413 734 2479 Maccab.
762 2416 813 2496 17,
841 2416 883 2479 22
909 2416 1094 2481 secundum
1117 2419 1225 2482 analo·

87 2517 166 2594 giam
189 2520 293 2584 Exod.
318 2519 379 2600 32,
405 2519 471 2602 32),
497 2519 551 2582 vel
569 2521 762 2602 0100010111,
788 2537 853 2600 quo
876 2535 978 2586 sensu
1002 2521 1138 2586 Eleazar
1161 2523 1226 2604 pia-

86 2623 189 2690 culum
210 2626 321 2691 fuerat
340 2627 535 2707 septemque
554 2623 601 2689 illi
620 2625 741 2690 fratres
761 2621 948 2692 Seleucidae
962 2625 1128 2701 ἐπιμοιοῡι
1143 2631 1225 2693 tem·
1340 2704 1347 2717 ,

27 2805 28 2808 ¹
86 2746 169 2812 pore,
193 2734 227 2795 et
250 2732 317 2796 duo
341 2730 530 2809 fragmenta
557 2730 644 2794 1-5
667 2732 854 2812 016-16;
882 2733 1014 2797 27-29
1035 2732 1173 2798 coibunt
1190 2734 1225 2798 in

85 2832 183 2901 unum
202 2837 368 2917 simulque
390 2834 482 2901 nullo
505 2837 637 2915 negotio
659 2839 818 2915 poterunt
841 2837 1007 2918 explicari.

126 2942 251 3023 Scripta
280 2942 363 3007 haec
393 2942 485 3007 fuere
520 2945 700 3023 postquam
729 2942 765 3006 in
799 2944 881 3007 urbe
914 2942 1085 3008 saevitum
1117 2944 1226 3010 iuerat

86 3045 216 3112 immani
234 3048 432 3113 crudelitate
450 3048 546 3112 cuius
565 3048 753 3129 exemplum
765 3048 929 3114 habemus
941 3049 1029 3129 apud
1042 3049 1223 3129 Josephum

86 3150 246 3218 Archaeol.
274 3155 326 3233 17,
353 3151 539 3217 10=Bell
564 3153 639 3217 Jud.
666 3155 704 3234 2,
729 3153 760 3217 4.

57 3290 60 3295 ·
124 3258 190 3339 Quo
220 3262 371 3340 tempore
399 3257 584 3323 Archelaus
607 3260 751 3323 Romam
775 3258 943 3338 profectus
967 3260 1226 3343 0101101010-

86 3378 169 3446 nem,
198 3380 283 3445 quae
313 3366 485 3444 eruperat,
519 3364 631 3428 Varus
660 3363 747 3428 ferro
777 3365 813 3426 et
840 3363 911 3442 igni
934 3364 1104 3443 repressit.
1130 3366 1227 3431 Multi

86 3467 370 3551 Hierosolymitani
405 3468 606 3548 multiplices
638 3467 754 3532 caedes
786 3468 895 3549 perosi
926 3470 962 3531 et
994 3469 1224 3554 rebellionem,
1346 3550 1349 3557 Δ

88 3574 170 3639 cuius
196 3577 269 3657 jam
301 3574 414 3638 nullus
444 3574 559 3638 exitus
588 3576 661 3638 erat
690 3572 843 3656 futurus,
879 3573 1073 3653 relinquunt
1096 3576 1224 3641 urbem.

89 3675 145 3742 1111
176 3681 238 3745 hoc
272 3682 379 3758 agunt
414 3682 455 3743 ut
485 3678 575 3743 Varo
606 3678 832 3758 persuadeant
867 3669 1051 3743 defectione
1086 3697 1122 3744 se
1157 3698 1225 3746 000

88 3779 179 3849 fuisse
200 3783 391 3865 implicitos.
415 3783 543 3864 Nempe
565 3783 758 3864 corpusculo
781 3782 980 3848 consuuntl
1014 3776 1077 3848 Sed
1101 3788 1155 3849 est
1179 3788 1227 3851 ta·

89 3902 154 3953 nen
172 3890 375 3954 Essaeorum
395 3888 584 3967 generosior
600 3888 746 3969 indoles,
769 3904 912 3967 quorum
934 3904 1043 3953 mores
1055 3891 1226 3968 praeterea

89 3991 122 4055 ab
149 3996 241 4060 omni
271 4012 443 4060 armorum
474 3994 674 4058 tractatione
705 3992 805 4057 alieni
840 3996 946 4057 erant.
983 3993 1022 4057 In
1058 3995 1226 4075 proposito

89 4103 223 4174 perstare
253 4118 316 4165 nec
345 4099 451 4165 solida
481 4103 594 4163 mente
617 4098 768 4163 concuti:
790 4097 872 4162 haec
895 4095 1026 4162 illorum
1050 4098 1225 4165 hominurn

89 4214 168 4270 alma
199 4209 299 4270 sunt:
332 4204 566 4283 aaracppooaral
593 4202 624 4265 δὲ
647 4208 706 4265 τῶν
730 4202 851 4266 δεινῶν.
867 4250 873 4263 .
889 4249 920 4266 ..
945 4200 996 4263 τὸν
1021 4202 1051 4265 δὲ
1076 4202 1222 4290 deivarae,

90 4305 110 4367 εἰ
130 4309 197 4382 μετ’
220 4310 365 4380 εὐκλείας
390 4310 522 4386 προσίοι,
545 4305 715 4387 νομίζοντες
737 4307 909 4376 οέθοινοοσίοις
932 4306 1057 4381 ἀμείνω.
1079 4308 1225 4387 διήλεμξε

91 4408 204 4479 δἰιύτῶν
233 4417 264 4479 ἐν
296 4411 398 4479 ἅπασι
422 4414 481 4500 τοὶς
505 4414 615 4493 ψυχὰς
638 4414 652 4477 ὅ
677 4414 748 4491 πρὸς
773 4412 940 4487 Ῥωμαίους
967 4412 1122 4489 πόλεμος,
1148 4415 1179 4477 ἐν
1203 4410 1225 4496 ᾧ

91 4518 295 4599 speretium
313 4521 366 4584 cal
386 4518 600 4599 λυγιζόμενοι,
621 4519 776 4597 κοιιόμενοί
795 4541 830 4581 τε
852 4518 904 4581 nal
927 4517 1074 4595 κλώμενοι
1100 4522 1153 4583 nal
1174 4520 1225 4585 διὰ
