3192 5325
924 527 988 592 loe

379 713 561 778 fanatismo
594 729 697 794 quarn
726 713 769 779 ab
798 711 882 778 hello
912 710 1001 777 civili
1032 711 1073 776 ad
1099 710 1186 792 quod
1209 709 1264 776 alii
1287 707 1499 790 provocabant,

380 819 469 884 facili
491 836 590 900 opera
613 819 755 885 scribere
776 819 905 899 potuit:
931 816 1006 883 Non
1030 817 1200 898 pugnandi
1222 815 1319 882 ardor
1338 831 1397 879 nos
1415 829 1502 877 serva-

381 924 449 1006 bit,
474 925 532 990 sed
556 925 591 990 in
614 922 675 990 Dei
698 924 921 990 misericordia
945 924 1059 990 omnia
1081 923 1210 990 Insunt.

428 1029 556 1096 Similia
582 1031 721 1096 dicenda
752 1033 836 1096 sunt
867 1031 908 1096 de
930 1031 1034 1096 altero
1056 1031 1261 1111 fragmento,
1288 1046 1357 1093 νεε.
1385 1025 1501 1092 11-13.

381 1136 564 1202 Pharaonis
586 1136 723 1202 nomme
740 1139 831 1201 tecte
848 1136 1016 1202 indicatur
1035 1137 1224 1219 Romanus,
1247 1135 1408 1200 adversus
1425 1147 1504 1212 quen
1570 1155 1571 1192 1

380 1241 482 1306 Israel
504 1241 697 1321 instigatur.
722 1241 842 1307 Novus
865 1239 993 1307 Pharao
1016 1243 1059 1307 ab
1082 1241 1150 1307 Deo
1174 1241 1359 1307 suscitatus
1381 1242 1445 1320 est,
1461 1240 1503 1318 ut,
1570 1261 1571 1340 1

381 1363 487 1426 quum
516 1348 630 1429 ipsum
661 1347 841 1427 imperium
864 1347 982 1412 mundi
1005 1349 1097 1413 brevi
1122 1347 1324 1427 concideret,
1351 1342 1447 1409 Suam
1466 1360 1505 1423 po·
1570 1355 1571 1392 1

381 1451 526 1516 tentum
549 1452 742 1517 ostenderet
764 1452 829 1536 (vs.
852 1454 916 1530 17).
943 1452 992 1518 Ut
1011 1455 1197 1532 augustum
1216 1469 1340 1517 nomen
1352 1467 1408 1532 per
1418 1451 1508 1514 101011

380 1558 506 1622 terram
537 1557 695 1622 omnibus
718 1558 959 1641 innotesceret,
985 1563 1025 1624 ut
1047 1558 1163 1624 divina
1186 1558 1236 1624 ira
1259 1556 1414 1622 miraculo
1434 1556 1510 1620 esset

381 1663 554 1746 omnibus,
579 1662 670 1728 Deus
693 1681 753 1744 pro
775 1681 839 1729 sua
861 1663 995 1728 Infinita
1016 1664 1240 1730 mIsericordia
1263 1662 1344 1728 tulit
1366 1662 1450 1731 σκεύη
1472 1658 1511 1735 ὁρ-

383 1774 441 1844 ric
475 1768 707 1845 κατηρτισμένα
731 1770 774 1837 εἰς
799 1770 958 1833 ἀπώλειαν
982 1787 1032 1835 νε.
1059 1771 1112 1835 22.
1137 1769 1251 1852 Neque
1274 1769 1356 1834 illud
1377 1787 1398 1833 a
1417 1781 1512 1848 propo
1571 1757 1572 1826 l

383 1874 450 1939 sito
479 1874 641 1958 alienum,
676 1893 756 1941 nam
785 1875 922 1941 divitias
945 1875 1066 1955 gloriae
1090 1893 1171 1942 suae
1193 1875 1350 1940 ostendet
1373 1875 1411 1939 εἰς
1433 1870 1512 1939 σκεύη
1571 1855 1572 1940 l

384 1977 485 2050 aloa
517 1987 579 2057 (νε.
612 1981 675 2065 23),
712 1998 790 2060 erga
820 1980 1049 2047 Israehtarum
1081 1982 1255 2063 populum,
1288 1981 1346 2061 qui
1367 1979 1448 2044 mala
1467 1975 1516 2039 illa
1571 1945 1572 2014 i

384 2085 553 2166 patienter
577 2088 662 2153 ferre
685 2087 793 2153 debet.
825 2087 925 2152 Hunc
948 2105 1076 2152 novum
1102 2088 1309 2153 Pharaonem
1332 2085 1420 2150 Deus
1435 2081 1516 2146 indu·

384 2192 473 2257 rabit
503 2196 604 2273 atque
634 2193 682 2258 sio
710 2193 914 2274 prohibebit,
940 2195 1120 2274 quominus
1144 2193 1283 2272 effugiat
1308 2193 1455 2256 futurum
1473 2188 1516 2268 ju·

386 2297 532 2362 diclum..

408 2403 502 2482 Quod
523 2403 657 2469 aliunde
679 2408 837 2470 amotum
859 2407 929 2486 est,
955 2405 991 2470 in
1014 2408 1154 2486 utroque
1177 2406 1366 2484 fragmento
1382 2401 1519 2486 ejusdem
1572 2459 1573 2488 ,

386 2509 516 2588 generis
546 2512 609 2574 est.
634 2509 812 2591 Quaeritur
834 2511 870 2575 ln
894 2511 1000 2592 priore
1023 2528 1075 2576 vs·
1102 2511 1159 2575 14:
1184 2511 1227 2585 μὴ
1252 2510 1355 2573 ἀδικία
1381 2505 1518 2585 1011τῷ
1572 2493 1573 2586 l

315 2646 320 2656 ·
386 2613 458 2696 1εῷ;
496 2615 586 2680 Nihil
619 2616 685 2682 huc
719 2617 866 2697 pertinet
898 2616 1120 2699 philosophos
1150 2617 1307 2700 objectio,
1336 2631 1420 2698 quae
1441 2615 1521 2679 recto

385 2721 589 2785 tractabitur
610 2721 646 2786 in
663 2721 891 2801 disputatione
910 2723 950 2787 de
967 2722 1082 2787 divina
1101 2723 1326 2805 providentia,
1350 2722 1407 2787 sed
1427 2720 1522 2785 allona

386 2827 440 2890 est
457 2844 479 2890 a
494 2824 642 2892 fidelidm
661 2827 903 2893 adhortatione.
928 2828 988 2893 Dei
1011 2828 1126 2905 ἐκλογή
1149 2829 1292 2894 hicnon
1315 2828 1447 2907 dogma,
1470 2825 1522 2889 sed

386 2930 519 2996 Israelis
541 2933 724 2997 consolatio
747 2937 802 3007 est
821 2936 857 2998 et
884 2934 1014 3014 proprio
1036 2952 1138 3000 sensu
1162 2951 1230 3000 non
1254 2932 1403 2999 multum
1423 2932 1522 2997 differt

387 3037 475 3117 qued
509 3036 717 3117 legebamus:
753 3038 787 3100 rb
826 3037 1010 3115 ὑπόλειμμα
1046 3039 1224 3113 σωθήσεται.
1257 3040 1421 3122 Quorsum
1453 3036 1523 3101 iuud
1573 3050 1574 3085 1

388 3142 537 3208 solemne
567 3142 599 3205 τί
627 3144 765 3227 ἐροῦμεν,
792 3146 879 3226 quod
902 3146 938 3210 in
961 3147 1024 3212 hac
1045 3147 1198 3228 Epistula
1221 3145 1346 3227 septIes
1369 3142 1523 3211 iteratur?

386 3248 430 3310 Τί
452 3249 592 3330 spadam
626 3250 754 3331 Nempe
783 3252 893 3317 Deum
916 3251 1144 3333 laudabimus,
1170 3253 1256 3333 quod
1280 3250 1381 3316 Israel
1403 3247 1524 3329 magnis

388 3354 694 3433 exspectationibus
726 3374 793 3421 non
824 3357 972 3440 excidet,
1005 3358 1034 3423 si
1059 3358 1193 3439 quidem
1213 3359 1248 3421 τὸ
1273 3356 1455 3431 ὑπόλειμμα
1476 3376 1523 3416 σω·

390 3458 525 3532 θήσεται.
550 3458 593 3521 Τί
612 3459 733 3538 ἐροῦμεν
745 3483 753 3543 ;
777 3461 911 3528 Scilicet
930 3462 1012 3527 nihil
1033 3463 1259 3544 praeterirem
1280 3464 1342 3532 θεὸς
1356 3458 1523 3537 adaeravit,

389 3582 442 3629 νε.
467 3565 498 3630 5.

435 3669 557 3736 Itidem
587 3689 657 3736 νεε.
693 3672 764 3753 19⁸3
795 3674 855 3753 203
881 3673 922 3738 21
948 3674 1035 3753 quod
1060 3674 1267 3755 disputatur,
1291 3691 1361 3740 non
1386 3691 1445 3739 suo
1466 3672 1526 3737 loco

390 3774 594 3855 disputatur.
617 3777 749 3843 Israelis
768 3778 999 3843 adversarium
1022 3780 1203 3847 suscitavit
1226 3780 1316 3846 Deus
1339 3777 1387 3844 ba
1409 3778 1527 3856 γνωμσμ

389 3878 441 3942 τὸν
477 3884 608 3945 πλοῦτον
638 3887 692 3953 τῆς
729 3880 815 3956 δόξης
849 3884 944 3948 αὐτοῦ
983 3883 1034 3947 ἐπὶ
1069 3885 1163 3958 σκεύη
1196 3886 1306 3955 ἐλέους.
1341 3886 1405 3953 Sed
1436 3882 1528 3949 nimis

392 3984 499 4051 stulta
523 3989 674 4067 quaestio
697 3992 768 4054 esi:
789 3990 822 4051 cl
841 3984 890 4051 οὖν
914 3987 958 4052 ἔτι
980 3990 1280 4075 μέμφετμι;θε111ῑθ
1300 3993 1408 4060 stulta
1427 4004 1529 4073 quaes·

391 4089 440 4155 110
470 4091 560 4157 haud
588 4094 690 4159 nimis
719 4096 798 4174 apte
821 4095 979 4178 solvitur,
1007 4115 1088 4163 nam
1113 4098 1141 4164 si
1165 4098 1316 4179 displicet
1338 4098 1426 4177 quod
1448 4096 1529 4161 Deus

391 4193 536 4275 aliquem
565 4199 758 4282 constituit,
784 4202 825 4264 ut
849 4218 912 4265 vas
934 4200 1003 4267 irae
1024 4207 1130 4285 esset,
1148 4203 1219 4269 hoc
1241 4204 1354 4285 ipsum
1377 4200 1528 4283 dIsplicet,

394 4300 481 4381 quod
503 4301 594 4368 Deus
613 4304 766 4369 homines
787 4307 930 4388 tractat,
956 4308 1239 4387 quemadmodum
1261 4325 1343 4373 vasa
1366 4290 1494 4386 figulus.

443 4406 521 4472 Vsa.
557 4408 616 4489 14;
650 4408 725 4490 19⁸3
758 4411 819 4490 203
853 4412 913 4491 a1;
944 4412 1095 4494 24-263
1129 4413 1262 4479 30-32
1294 4416 1477 4495 supersunt
1496 4426 1530 4475 ex

395 4511 496 4576 tertio
517 4512 722 4594 fragmento,
747 4514 784 4578 in
807 4531 872 4594 quo
895 4518 1156 4596 praedestinatio
1174 4520 1382 4586 tractabatur
1397 4514 1531 4603 (nando
