3192 5325
915 509 958 573 98

412 688 537 753 Mirum
566 691 619 753 est
647 689 732 769 quod
755 692 969 754 asseveratur
988 707 1038 754 vs.
1061 688 1114 754 21.
1146 689 1401 770 Subscriptionls
1418 689 1488 770 eJus-

367 794 456 859 modi
478 794 562 859 fides
584 797 697 860 estut
727 811 1013 875 supervacaneum
1045 796 1092 862 sit
1120 796 1243 878 aliquid
1271 797 1398 861 addere.
1430 795 1490 859 Aut

368 903 450 966 nota
478 904 541 966 est.
560 904 620 966 aut
649 917 717 966 non
748 903 811 966 est.
843 901 879 966 Si
901 893 982 968 nota
1005 905 1073 986 est,
1100 921 1151 969 vs.
1178 903 1218 968 21
1243 902 1357 969 omitti
1378 901 1489 984 potuit;

368 1007 398 1072 si
421 1025 486 1073 non
510 1010 592 1072 nota
614 1010 684 1088 est,
708 1007 821 1074 addito
843 1025 944 1075 versu
967 1009 1050 1074 nihil
1072 1009 1251 1092 proficitur.

414 1114 475 1180 Est
502 1114 537 1178 in
567 1114 628 1178 hoc
650 1114 758 1195 capite
780 1113 904 1195 aliquid
927 1117 1080 1180 coactum
1103 1118 1139 1180 et
1160 1115 1392 1199 artificiosum,
1415 1114 1491 1180 unde

368 1221 476 1299 magis
505 1219 609 1286 etiam
638 1219 798 1286 intricata
827 1220 868 1286 lit
898 1222 1049 1303 quaestio
1072 1223 1112 1287 de
1135 1224 1256 1288 harum
1280 1221 1494 1305 Epistularum

361 1327 503 1406 origine.
538 1328 579 1391 In
611 1326 681 1392 Gal.
719 1328 734 1391 1
767 1331 803 1392 et
836 1329 855 1390 2
884 1329 1089 1394 habebamus
1111 1328 1269 1395 historica
1290 1330 1494 1409 documenta,

369 1451 510 1516 quorum
540 1433 634 1515 uaria
661 1434 766 1518 origo,
791 1434 930 1500 obscura
952 1438 988 1501 et
1009 1435 1150 1502 fortasse
1173 1435 1306 1501 inutilia
1328 1435 1414 1501 facta
1436 1452 1497 1515 per·

367 1540 465 1622 plexa
484 1540 785 1620 contaminatione;
807 1541 865 1606 sed
883 1541 1023 1607 minime
1034 1542 1263 1607 dubitavimus
1275 1542 1353 1623 quin
1368 1542 1500 1620 genuina

369 1647 564 1712 testimonia
585 1649 717 1730 essent,
743 1663 828 1728 quae
850 1635 1005 1713 laterent.
1029 1649 1159 1714 Verum
1177 1648 1213 1713 in
1229 1649 1291 1714 hoc
1309 1645 1502 1729 capitenihil

369 1753 458 1820 inest
480 1754 567 1835 quod
590 1771 658 1818 non
680 1755 799 1819 fictum
822 1771 896 1820 esse
919 1754 1036 1836 possit.

413 1860 596 1940 Hucusque
619 1859 745 1925 nullam
767 1877 905 1926 causam
927 1860 1105 1926 habuimus
1128 1879 1188 1926 cur
1205 1878 1402 1942 negaremus
1420 1859 1502 1940 Epis-

368 1966 458 2030 tulas
480 1982 565 2046 quae
586 1966 682 2031 Pauli
699 1967 835 2032 nomine
858 1967 1027 2050 feruntur,
1053 1968 1195 2046 scriptas
1217 1968 1321 2033 trisse
1340 1968 1382 2033 ad
1401 1969 1502 2030 certas

369 2070 532 2136 Ecclesias
565 2075 601 2137 et
634 2073 767 2153 quidem
798 2074 839 2138 ab
871 2074 972 2139 Paulo
1003 2074 1180 2156 Episcopo,
1213 2075 1345 2139 etiamsi
1368 2075 1502 2138 fortasse

368 2177 434 2242 alia
468 2177 666 2243 documenta
699 2179 789 2244 inter
825 2179 1035 2271 scribendum
1065 2175 1269 2245 adhibuerit
1296 2181 1368 2245 Hoc
1399 2179 1426 2244 si
1446 2193 1502 2258 pro

369 2285 458 2349 certo
492 2301 623 2349 sumere
649 2284 775 2366 licebit,
804 2286 820 2348 1
846 2286 918 2351 Cor.
946 2285 987 2350 16
1010 2303 1077 2351 non
1100 2287 1223 2367 poterit
1245 2285 1362 2352 lictum
1386 2283 1500 2365 videri,

368 2389 435 2455 nisi
464 2391 578 2456 credas
609 2394 818 2472 postremum
848 2394 950 2473 caput
977 2391 1066 2458 mala
1094 2393 1209 2458 fraude
1232 2392 1383 2458 additum
1405 2391 1503 2455 trisse

368 2495 424 2577 iis,
458 2514 541 2577 quae
573 2497 699 2563 Paulus
732 2498 915 2581 Episcopus
950 2499 1171 2564 concinnavit.
1207 2500 1294 2564 Fieri
1326 2499 1437 2581 potest
1466 2497 1503 2560 ut

369 2601 511 2685 scriptor
536 2603 700 2669 scribendi
726 2604 829 2670 linem
859 2604 975 2669 iecerit
1000 2606 1015 2670 1
1043 2604 1115 2670 Cor.
1143 2606 1193 2687 15,
1221 2603 1280 2686 583
1305 2604 1376 2671 fieri
1398 2603 1505 2686 potest

370 2712 412 2773 ut
435 2710 552 2774 itidem
575 2710 709 2789 genuini
731 2728 851 2777 versus
875 2712 945 2777 sint
971 2712 1020 2794 16,
1050 2712 1180 2775 19-24
1204 2712 1258 2777 vel
1284 2713 1334 2791 16,
1361 2709 1504 2787 21-24;

367 2816 438 2881 fieri
472 2816 576 2881 etiam
609 2820 721 2897 potest
750 2820 792 2882 ut
818 2818 963 2897 genuina
992 2818 1155 2898 epistulae
1183 2816 1331 2883 clausula
1359 2815 1506 2897 perierit:

366 2922 485 2988 deinde
508 2921 635 2989 difficile
658 2926 711 2989 est
729 2924 888 3006 conjicere
907 2941 1023 2989 veram
1042 2940 1193 3004 causam,
1211 2941 1276 2989 cur
1295 2924 1370 3005 quis
1387 2923 1507 3003 reliqua

366 3030 544 3114 addiderit,
568 3049 650 3096 nam
673 3030 786 3095 variae
809 3030 951 3096 incidere
974 3033 1165 3112 potuenrnt.
1190 3031 1313 3111 Quodsi
1335 3031 1409 3112 quis
1429 3028 1508 3095 exis-

366 3136 505 3202 timaret
528 3136 751 3218 Christianos,
776 3152 882 3217 quum
901 3136 974 3202 illas
992 3137 1161 3218 Epistulas
1180 3154 1313 3202 summa
1326 3134 1507 3202 reverentia

366 3247 658 3326 prosequerentur,
690 3260 805 3307 curare
828 3243 981 3309 debuisse
1005 3260 1048 3307 ne
1071 3244 1184 3326 spuria
1206 3244 1503 3332 agglutinarentur,

366 3348 443 3414 huic
466 3353 732 3415 monstraremus
751 3347 957 3431 Epistulam,
987 3350 1028 3415 de
1057 3368 1123 3431 qua
1144 3352 1215 3433 jam
1238 3352 1333 3417 nobis
1356 3366 1505 3433 quaeren-

273 3511 276 3516 .
367 3456 448 3521 dum
466 3457 546 3537 erit,
567 3456 748 3521 secundam
767 3455 908 3521 dicimus
927 3456 967 3521 ad
988 3456 1175 3523 Corinthios
1194 3458 1397 3540 Epistulam,
1415 3456 1504 3522 cuius

366 3565 439 3627 tam
466 3561 690 3627 lamentabilis
712 3564 765 3627 est
787 3562 948 3643 conditio,
974 3566 1013 3628 ut
1036 3566 1191 3628 veterum
1213 3564 1423 3630 librariorum
1446 3562 1511 3643 pie-¹

365 3671 474 3736 tatem
496 3669 675 3733 admodum
697 3668 853 3746 exiguam
876 3668 979 3735 luisse
1002 3670 1187 3736 luculenter
1208 3673 1374 3752 appareat.
