3192 5325
286 684 289 689 ’
346 692 553 772 existumat,
577 693 610 757 h.
632 710 660 758 e.
685 693 728 758 ad
748 692 918 774 Gentiles,
939 692 996 774 qui
1014 690 1224 774 synagogam
1239 691 1487 772 frequentabant

347 799 422 883 (13,
449 800 509 879 263
534 798 602 882 42).

394 905 554 970 Doctrina
584 905 770 970 maximam
802 907 933 984 partem
956 923 998 970 ex
1022 905 1161 970 historia
1182 904 1327 986 repetita
1351 909 1416 983 est;
1438 903 1486 966 de-

350 1011 550 1076 monstratio
584 1014 657 1076 tota
691 1012 849 1077 historica
883 1014 937 1076 est
972 1011 1034 1094 (νε.
1071 1010 1235 1094 17-23);
1270 1010 1487 1075 adnectuntur
1572 1047 1573 1068 .

349 1118 672 1182 communicationes
693 1117 733 1182 de
756 1119 838 1182 Jesu
862 1121 971 1183 morte
993 1121 1028 1182 et
1052 1117 1293 1182 resurrectione
1317 1115 1381 1199 (νε.
1406 1117 1480 1178 24-

349 1224 423 1308 31);
445 1223 562 1287 deinde
584 1224 782 1289 resurrectio
794 1224 963 1302 exegetice
975 1223 1225 1288 demonstratur
1236 1220 1321 1305 (νεε.
1337 1221 1484 1303 33-37).

348 1331 400 1395 Ac
422 1330 524 1395 simili
549 1329 645 1395 modo
671 1331 722 1411 17,
745 1329 775 1409 3,
797 1329 854 1394 ubi
876 1328 992 1394 itidem
1012 1345 1030 1392 e
1050 1329 1150 1394 Sacra
1177 1328 1348 1410 Scriptura
1370 1327 1486 1392 Paulus

346 1436 556 1500 demonstrat
576 1435 704 1508 nJesum
735 1433 808 1514 pati
831 1437 866 1499 et
889 1450 1060 1513 resurgere
1083 1434 1246 1499 debuisse.
1271 1433 1325 1498 Ad
1349 1433 1488 1497 fidetium
1573 1479 1574 1498 .

345 1541 609 1607 aedificationem
638 1540 813 1605 referimus
844 1540 930 1620 quod
963 1544 1176 1605 asseveratur
1206 1539 1287 1605 Jesu
1310 1539 1487 1604 adventum
1573 1543 1574 1576 i

343 1651 414 1731 jam
438 1647 473 1712 in
497 1647 619 1711 Vetere
643 1646 861 1710 Testamento
885 1646 1093 1728 praedictum
1113 1646 1218 1711 fuisse
1237 1645 1303 1729 (νε.
1318 1646 1384 1729 32),
1404 1645 1487 1708 hunc

346 1755 464 1819 Jesum
487 1752 747 1818 annunciavisse
769 1755 991 1836 peccatorum=
1005 1752 1235 1818 remissionem
1257 1754 1322 1834 (νε.
1344 1753 1407 1834 38),
1426 1769 1486 1816 om-

346 1877 406 1924 nes
441 1858 583 1938 denique
616 1858 674 1939 qui
704 1858 859 1938 credant,
890 1857 1066 1939 Justificari
1096 1857 1131 1922 in
1162 1857 1224 1922 hoc
1255 1859 1297 1922 ab
1319 1858 1486 1938 omnibus,

346 1967 467 2046 quibus
503 1981 570 2029 non
604 1964 775 2044 potuerint
810 1965 845 2028 in
878 1965 948 2044 lege
982 1965 1107 2047 Moysis
1136 1964 1314 2047 justificari
1339 1961 1401 2046 (vs.
1427 1965 1486 2040 39).
1574 2021 1575 2036 ,

348 2075 468 2138 Totam
500 2070 640 2151 denique
672 2069 900 2148 Christianam
923 2071 1041 2151 fidem,
1065 2072 1102 2135 in
1126 2089 1191 2151 qua
1214 2069 1488 2150 perseverandum

346 2182 416 2261 est,
442 2178 535 2242 brevi
558 2179 635 2257 post
653 2177 902 2257 comprehendit
927 2177 1052 2263 „gratia
1071 2177 1153 2242 Dei''
1174 2175 1238 2260 (νε.
1254 2177 1310 2250 43)
1322 2179 1358 2241 et
1373 2177 1489 2262 „Evan-

347 2285 430 2365 gelio
462 2284 588 2363 gratiae
616 2282 697 2348 Dei’'
722 2281 789 2366 (20,
817 2284 880 2364 24),
906 2284 1028 2365 quibus
1050 2283 1202 2348 formulis
1226 2283 1261 2348 in
1284 2284 1430 2348 oratione
1450 2281 1488 2346 ad

347 2392 582 2470 congregratos
606 2389 720 2454 fideles
744 2389 895 2454 nondum
919 2407 1001 2455 usus
1024 2388 1143 2454 fuerat.

393 2498 489 2561 Hanc
521 2495 708 2560 doctrinam
738 2512 817 2560 cum
833 2496 986 2577 accipere
1010 2495 1137 2561 nollent
1158 2495 1275 2561 Judaei
1299 2493 1488 2559 Antiochiae

205 2588 220 2619 ‘
348 2605 383 2668 in
413 2600 552 2675 Pisidia,
588 2601 673 2666 satis
705 2601 765 2667 hoc
789 2601 907 2669 habuit
929 2605 985 2686 ut,
1012 2602 1147 2669 iudaeis
1169 2601 1311 2683 relictis,
1337 2617 1410 2667 sese
1435 2597 1489 2686 „ad
1575 2589 1576 2600 ³

348 2707 498 2803 senties
521 2706 753 2773 converteret”
778 2706 844 2791 (νε.
869 2709 927 2792 46)
951 2712 986 2773 et
1009 2710 1070 2773 hoc
1093 2710 1133 2773 ut
1156 2709 1258 2773 faciat
1282 2707 1489 2772 confirmatur

347 2816 417 2880 loco
452 2814 595 2895 quodam
628 2814 763 2879 Veteris
796 2815 1022 2896 Testamenti,
1055 2815 1113 2878 ubi
1137 2813 1340 2896 praedicitur
1364 2811 1489 2894 quidem

348 2920 532 2986 Gentilium
563 2919 751 3002 conversio,
784 2921 842 2985 sed
870 2921 985 2986 eadem
1009 2920 1068 2986 fiet
1091 2920 1174 3002 ipsis
1199 2919 1337 2985 ,Iudaeis
1361 2920 1487 2983 interce·
1576 2956 1577 3009 5

348 3027 506 3092 dentibus
529 3043 568 3091 ac
591 3026 731 3090 minime
756 3009 958 3106 posthabitis
981 3026 1045 3109 (νε.
1072 3028 1137 3104 47).

394 3135 466 3198 Hoc
497 3131 647 3214 consilio,
682 3133 769 3212 quod
792 3132 882 3214 capit
905 3134 1029 3197 iterum
1057 3134 1106 3215 18,
1132 3135 1153 3198 6
1178 3150 1298 3213 nempe
1322 3132 1489 3196 immemor

348 3257 385 3305 se
406 3241 476 3320 jam
499 3237 578 3302 olim
600 3237 649 3302 ita
672 3239 859 3318 censuisse,
885 3256 951 3303 non
972 3242 1088 3303 tamen
1107 3238 1301 3320 prohibetur
1318 3237 1488 3321 quominus

349 3343 452 3409 Iconii
486 3343 606 3408 iterum
641 3344 738 3408 adeat
768 3347 844 3409 tum
875 3345 1020 3409 Judaeos
1049 3347 1126 3410 tum
1149 3343 1310 3409 Gentiles.
1348 3341 1410 3408 Sed
1431 3356 1488 3406 me-

349 3455 450 3515 tuens
473 3450 689 3528 utrorumque
711 3450 836 3532 minas,
863 3451 969 3515 denuo
993 3451 1108 3529 fugam
1131 3451 1278 3531 capessit
1298 3451 1364 3534 (14,
1390 3446 1487 3522 1-6).

349 3554 484 3637 Lystris
507 3552 638 3617 divinos
662 3554 803 3619 honores
826 3559 976 3630 recusat,
1003 3556 1124 3636 quibus
1147 3554 1288 3638 populus¹
1307 3573 1386 3621 eum
1406 3569 1487 3635 prop·

350 3663 402 3725 ter
426 3657 585 3722 miracula
608 3675 692 3738 quae
715 3661 926 3741 ostenderat,
952 3661 1082 3727 afficere
1106 3661 1239 3726 volebat
1255 3661 1279 3745 ¹)
1300 3667 1362 3738 (νε.
1376 3658 1487 3732 8-181

350 3768 386 3831 et
421 3764 568 3845 primum
603 3763 683 3828 dicit
717 3764 757 3828 de
791 3767 925 3851 „Regno
956 3766 1048 3843 Dei’',
1081 3768 1120 3831 cf.
1155 3770 1328 3847 praeterea
1360 3768 1411 3841 20,
1442 3761 1487 3827 25.

351 3872 463 3936 Etiam
495 3869 594 3934 Jesus
625 3871 666 3935 ab
698 3889 737 3936 eo
767 3888 828 3936 rex
851 3872 973 3938 dicitur
996 3876 1098 3954 atque
1122 3875 1169 3938 sio
1193 3873 1373 3954 opponitur
1394 3875 1487 3949 Impe-

351 3976 453 4042 ratori
484 3976 653 4052 Romano,
680 3977 809 4058 siquid
832 3978 1031 4043 credendum
1056 3982 1109 4044 est
1133 3978 1267 4044 Judaeis
1296 3974 1488 4045 Thessaioni-

351 4083 506 4147 censibus
531 4083 581 4162 17,
609 4086 639 4148 7.
663 4083 774 4148 Huius
797 4086 913 4148 autem
936 4085 1029 4163 regni
1052 4102 1166 4166 nemo,
1193 4085 1378 4150 secundum
1401 4097 1484 4159 eum,

352 4188 518 4269 particeps
542 4188 581 4252 fit
604 4188 670 4254 nisi
692 4192 770 4271 poet
791 4190 919 4254 multas
941 4206 1129 4256 aerumnas.

356 4354 551 4364 ————-—

388 4442 415 4506 1)
441 4442 570 4506 Quomque
592 4440 614 4489 ei
636 4440 672 4489 rei
693 4440 828 4505 indulgeret
844 4442 868 4488 et
888 4438 1076 4502 θαυματουργδς
1093 4440 1169 4490 videri
1186 4442 1271 4502 vellet,
1291 4442 1345 4493 vida
1364 4446 1402 4504 19,
1420 4436 1483 4489 1211

354 4525 394 4584 28,
413 4524 478 4572 1-6
495 4525 519 4571 et
536 4524 551 4571 8
567 4538 619 4586 sqq.
