3192 5325
572 499 667 605 11

96 723 280 807 gratiarum,
317 725 607 792 ministrationum
641 728 677 790 et
707 726 951 808 operationum
983 727 1102 793 tribuit
1134 729 1226 794 enim

96 847 161 896 curn
181 831 248 897 Deo
267 835 303 898 et
326 835 406 900 Jesu
430 832 479 915 (53
505 832 540 918 6)
563 833 762 916 conpunctus
783 834 880 900 varia
898 831 1107 911 χαρίσματα,
1121 834 1225 900 etiam

95 939 289 1019 prophetiam
307 943 343 1005 11
361 939 581 1020 glossolaliam
594 940 737 1017 14-11).
762 939 854 1006 Η111
866 941 979 1005 unitas
991 957 1075 1022 quae
1087 940 1225 1006 minime

96 1043 209 1110 dirimit
238 1047 485 1128 diversitatem,
510 1045 613 1111 efficit
635 1048 676 1111 ut
698 1045 845 1112 Ecclesia
869 1063 985 1112 revera
1008 1064 1127 1128 corpus
1149 1062 1224 1112 eva·

96 1149 159 1234 dat,
190 1152 244 1217 cui
266 1153 437 1217 neminem
460 1169 496 1217 se
519 1152 716 1217 subtrahere
734 1170 832 1234 posse
854 1152 918 1236 ait,
943 1153 1105 1235 maiorem
1127 1153 1224 1219 hono·

94 1273 156 1320 rem
175 1257 389 1324 affectantem
411 1276 513 1340 quam
536 1276 601 1339 quo
624 1258 784 1338 iungatur
807 1257 1225 1342 (12-16);sedredactor

95 1363 183 1427 textu
212 1355 335 1429 'leviter
369 1366 567 1450 immutato,
597 1365 686 1449 idern
717 1364 853 1447 scripsit
883 1382 926 1430 ne
961 1365 1056 1430 licere
1079 1365 1223 1446 quidem.

95 1468 199 1535 1111111
220 1473 319 1537 rebus
342 1490 427 1553 opus
449 1475 504 1537 est
526 1473 712 1554 debentque
733 1472 847 1538 fideles
869 1490 1143 1554 unumquemque
1163 1489 1223 1537 suo

94 1577 187 1656 pretio
208 1580 404 1661 aestimare;
428 1581 481 1645 est
504 1579 595 1645 enirn
617 1596 716 1645 nemo
738 1579 868 1646 inutilis
887 1579 1059 1664 (lt-27).
1091 1578 1155 1644 Sed
1178 1577 1222 1642 di-

94 1684 223 1750 versitas
245 1685 409 1751 honorum
432 1689 467 1752 et
491 1685 754 1752 ministeriorum
773 1703 842 1751 non
861 1688 997 1751 tantum
1010 1684 1224 1765 consequitur

94 1806 130 1853 er
159 1790 228 1872 ipsa
260 1793 310 1858 rei
343 1796 479 1868 natura,
513 1793 571 1858 sed
602 1792 706 1858 etiam
735 1792 901 1858 divinitus
931 1791 1117 1859 constituta
1147 1791 1220 1858 1111

94 1895 198 1978 ltaque
237 1898 346 1964 nolint
388 1917 504 1965 omnes
545 1895 689 1976 δυνάμεις
725 1898 779 1963 vel
812 1897 1035 1978 glossulaliam
1068 1903 1223 1982 appetere

96 2000 249 2084 (28-30).

133 2109 263 2192 Semper
286 2115 488 2193 quaerantur
510 2111 554 2175 τὰ
573 2110 764 2192 χαρίσματα
782 2114 818 2178 et
838 2111 1003 2193 imprimis
1022 2108 1064 2175 roi
1084 2109 1220 2193 μείζονα,

96 2217 171 2297 quod
198 2218 355 2284 ecclesiae
384 2219 492 2299 magis
519 2219 793 2296 1111111111111.
819 2217 887 2302 31).
913 2217 1028 2284 Veluti
1050 2218 1223 2303 prophetia

95 2322 282 2400 glossclaliae
305 2325 519 2405 praeferenda
542 2327 611 2406 est,
636 2343 717 2391 nam
735 2325 921 2405 glossolalia
939 2341 998 2405 per
1019 2341 1055 2389 so
1067 2323 1222 2390 ecclesiae

96 2429 166 2494 nihil
186 2431 340 2511 prodesse
363 2430 495 2511 poterit.
520 2432 675 2498 Habeant
698 2430 761 2497 sibi
781 2433 999 2513 serventque,
1021 2429 1143 2511 quibus
1161 2429 1222 2496 hoc

96 2533 226 2615 χάρισμα
260 2553 457 2603 concessum
491 2537 571 2620 iuit3
603 2538 738 2604 accedat
767 2538 865 2603 modo
896 2536 1072 2620 explicatio
1106 2553 1223 2602 eorum

96 2659 167 2723 quae
188 2645 262 2727 quis
285 2643 320 2709 in
343 2643 398 2710 illa
419 2644 542 2711 ecstasi
565 2645 812 2727 contemplatus
834 2643 945 2710 111111.
971 2640 1034 2709 Sed
1054 2640 1158 2725 pluris
1170 2643 1234 2709 est*

31 2837 32 2840 Ἴ
95 2751 240 2831 propheta
268 2751 456 2817 faciendus:
487 2752 542 2817 hic
572 2752 663 2818 enim
691 2751 844 2817 aedificat
874 2750 986 2817 fideles
1016 2747 1221 2833 (14,1-6).

96 2854 202 2935 Quodsi
231 2859 307 2939 quis
328 2860 445 2924 tamen
468 2857 671 2938 glossolaliae
694 2857 831 2923 studere
854 2856 951 2939 velit,
978 2856 1136 2921 distincte
1160 2853 1220 2920 elo·

95 2965 202 3041 quatur
224 2964 376 3048 (7-11),
401 2981 483 3029 nam
504 2963 661 3030 ecclesiae
683 2981 767 3045 opus
790 2966 843 3029 est
867 2962 997 3045 verbis,
1022 2978 1107 3043 quae
1129 2959 1222 3025 intel-

94 3066 179 3147 ligere
200 3073 321 3151 potest.
352 3070 467 3152 Neque
500 3071 561 3137 hoc
592 3071 635 3136 ab
658 3068 843 3150 glossolalia
865 3069 1013 3135 alienum
1036 3070 1099 3135 111.
1123 3068 1222 3133 Orate

95 3174 176 3240 taciti
197 3179 232 3241 et
255 3176 292 3242 in
315 3177 454 3261 ecstasi,
475 3178 533 3243 sed
553 3177 602 3242 ita
621 3177 725 3243 etiarn
741 3179 835 3241 orate
855 3164 894 3241 ut
910 3175 966 3241 alii
985 3177 1100 3241 vestra
1118 3176 1222 3240 verba

95 3278 274 3362 intelligant.
303 3282 439 3348 Psallite
462 3284 574 3366 taciti,
600 3284 657 3349 sed
681 3284 784 3348 etiarn
808 3282 856 3348 sic
879 3284 919 3347 ut
940 3282 964 3347 ii
987 3281 1044 3362 qui
1067 3282 1221 3363 adstant,

96 3388 202 3453 vestris
223 3388 336 3455 verbis
358 3390 499 3471 auditis,
523 3389 635 3455 Arnen
653 3389 774 3455 dicant.
798 3388 946 3472 Fratres,
971 3389 1221 3470 praestatores

96 3493 247 3573 sapientes
271 3494 442 3581 (12-20).
468 3495 698 3561 Glossolaliam
719 3512 777 3577 per
801 3511 836 3559 se
860 3512 926 3560 non
949 3494 1115 3577 improbo;
1140 3494 1220 3576 quin
1356 3489 1357 3493 ’

97 3599 126 3660 11
152 3600 363 3680 magnificum
394 3604 448 3667 est
478 3601 520 3667 iis
550 3601 608 3681 qui
639 3603 736 3667 extre
766 3602 864 3683 sunt,
890 3600 976 3681 quod
999 3600 1128 3667 Jesaias
1149 3601 1221 3683 jam

98 3704 285 3772 vaticinatus
308 3709 372 3772 est.
396 3707 517 3788 Quodsi
537 3711 653 3772 tamen
676 3707 733 3787 qui
756 3706 881 3772 initiati
900 3724 968 3772 non
987 3708 1068 3772 sunt
1084 3708 1221 3789 repente

98 3814 316 3893 conspexerint
346 3813 472 3897 fideles,
499 3813 580 3878 dum
602 3813 805 3893 glossolaliae
830 3830 963 3893 operam
986 3813 1083 3896 dant,
1110 3829 1220 3878 nonne

98 3919 195 3982 mente
213 3922 330 4000 captos
347 3936 421 3984 esse
441 3920 567 4001 dicent,
589 3937 693 4000 quum
711 3918 903 4001 prophetiae
921 3918 1080 3984 uberrimi
1090 3918 1221 3983 fructus

31 4025 32 4028 ’
100 4034 160 4086 osse
179 4026 321 4103 possunt
343 4024 385 4089 ad
409 4024 554 4090 salutem
576 4023 759 4109 (21-25)?
781 4024 899 4105 Itaque
922 4023 1033 4090 omnia
1055 4040 1116 4089 suo
1139 4026 1220 4088 tem·

99 4142 163 4204 pore
190 4130 290 4212 dant,
321 4133 363 4195 11
392 4132 572 4196 conducere
602 4131 733 4212 possint
762 4130 803 4194 ad
826 4129 1097 4195 aedificationem.
1123 4127 1220 4195 Certe

100 4247 261 4303 1111111111
282 4236 383 4302 simul
402 4237 596 4319 loquantur,
618 4237 676 4302 sed
691 4236 781 4303 alius
797 4235 901 4301 alium
920 4235 1073 4317 excipiat.
1097 4235 1220 4301 Itidem

101 4338 187 4407 nolite
215 4343 317 4409 nimis
347 4343 403 4408 diu
432 4362 499 4409 una
522 4344 689 4409 considere
711 4346 747 4408 et
769 4342 854 4408 satis
877 4346 946 4426 est,
971 4342 1054 4407 mihi
1077 4342 1217 4424 credite,

102 4444 128 4506 si
152 4447 211 4515 duo
239 4451 294 4516 vel
324 4450 365 4514 ad
396 4468 568 4515 summum
590 4452 660 4515 tres
683 4450 862 4530 prophetae
883 4449 926 4515 ad
949 4447 1125 4515 dicendum
1148 4465 1219 4514 sur·

103 4554 242 4621 rexerint.
277 4556 341 4622 Est
375 4557 465 4623 enirn
498 4556 627 4638 primus
660 4555 750 4623 locus
779 4555 949 4637 prophetis
978 4553 1216 4635 assignandum
