3192 5325
645 579 706 641 161

101 782 149 829 vs,
178 766 219 828 18
244 781 344 844 supra
368 759 539 846 vidimus).
576 761 688 826 Etiam
724 761 759 826 in
782 762 844 826 hoc
868 762 1056 840 fragmento
1080 779 1245 842 nusquam

100 871 276 936 odoramur
307 869 530 934 Christianam
555 868 733 948 originem,
759 868 817 932 sed
841 884 925 949 quae
950 871 1148 948 argumenta
1172 869 1245 933 affe·

101 981 240 1058 runtur,
271 976 383 1041 omnia
405 992 448 1039 ex
471 977 585 1040 vetere
609 974 826 1047 Testamento
850 977 932 1039 sunt
956 975 1070 1056 petita.
1096 975 1172 1040 Jam
1196 977 1247 1041 Jo-

100 1083 223 1164 sephus
246 1084 284 1147 B.
309 1083 338 1147 J.
365 1083 402 1163 2,
429 1083 467 1162 8,
495 1081 536 1145 14
560 1099 622 1146 nos
645 1083 756 1164 docet,
778 1081 973 1146 Pharisaeos
992 1081 1080 1146 inter
1092 1081 1249 1160 dogmata

101 1207 162 1254 sua
186 1187 483 1269 praedestinationi
507 1187 654 1268 primurn
678 1187 787 1253 locum
812 1186 951 1252 dedisse.

145 1294 237 1360 Nihil
260 1294 384 1360 mirum
408 1295 477 1377 est,
504 1292 590 1374 quod
613 1293 765 1358 redactor
787 1294 929 1359 tertium
949 1293 1177 1373 fragmentum
1196 1297 1248 1364 ad-

101 1402 194 1466 didit.
239 1402 399 1482 Tempore
441 1399 568 1483 elapso,
611 1400 646 1464 in
686 1399 774 1481 quod
805 1400 870 1465 duo
902 1399 1027 1481 reliqua
1061 1400 1274 1480 fragmenta

102 1509 226 1589 scripta
244 1509 357 1586 erant,
378 1508 558 1586 postquam
579 1506 729 1571 redentor
750 1523 820 1572 vss.
849 1505 935 1570 1-11
959 1506 1008 1573 ita
1031 1506 1247 1592 immutarat,

102 1617 140 1679 ut
171 1614 286 1679 referri
315 1631 412 1694 posse
441 1612 637 1677 viderentur
667 1613 709 1678 ad
740 1613 872 1678 Israelis
904 1613 1077 1678 aeternam
1101 1618 1248 1697 reproba-

102 1723 246 1801 tionem,
283 1719 393 1784 nuilus
423 1720 495 1801 jam
525 1722 597 1784 erat
631 1720 896 1797 fragmentorum
922 1737 1021 1801 usne,
1048 1719 1113 1784 nisi
1136 1724 1177 1787 ut
1199 1725 1250 1790 de·

102 1829 347 1892 monstraretur
366 1825 558 1890 Ohristiana
577 1824 727 1890 doctrina
746 1824 785 1889 de
799 1807 1113 1906 praedestinatione.
1132 1826 1251 1910 Itaque

104 1933 202 1999 tertio
223 1932 412 2010 fragmento
434 1931 571 2012 reliquis
596 1931 725 1995 duobus
748 1932 893 2013 inserte,
916 1933 954 1996 de
974 1930 1104 1998 senihil
1125 1937 1252 2001 addidit

103 2039 375 2120 11111111118.
401 2054 466 2117 quo
490 2037 635 2102 breviter
659 2037 747 2101 idem
771 2037 835 2103 dici
859 2041 1060 2106 autumabat
1083 2042 1169 2123 quod
1179 2044 1251 2125 jam

104 2145 233 2209 dictum
261 2143 372 2208 iuerat
394 2161 445 2208 vs.
473 2145 514 2209 15
538 2145 574 2207 et
600 2143 651 2206 17.
679 2144 751 2208 Hoc
775 2145 924 2210 maxime
948 2149 1045 2213 modo
1068 2148 1178 2216 factus
1200 2155 1253 2217 est

103 2251 254 2315 redactor
276 2250 430 2331 princeps
448 2252 565 2315 auctor
584 2250 749 2329 dogmatis
772 2251 863 2315 iilius
883 2251 922 2317 de
946 2257 1082 2320 aeterna
1095 2258 1253 2323 electione

103 2359 138 2420 et
161 2358 298 2421 aeterna
321 2355 566 2437 reprobatione,
599 2356 685 2436 quod
710 2359 763 2421 tot
782 2357 969 2424 insomnias
993 2362 1122 2443 peperit
1145 2366 1179 2428 et
1202 2369 1254 2431 tot

103 2461 275 2528 malesana
298 2462 540 2543 interpretandi
562 2463 703 2528 artificia
717 2452 762 2540 ¹),
775 2462 867 2529 Satis
886 2465 1030 2532 habebat
1042 2486 1110 2534 vss.
1125 2471 1184 2534 6-
1195 2473 1252 2554 16;

105 2571 239 2636 27-29
259 2571 331 2651 jam
351 2573 431 2635 ante
453 2568 578 2634 mollire
601 2569 765 2635 horribilis
792 2571 959 2650 dogmatis
983 2574 1138 2642 duritiem
1162 2582 1197 2643 et
1221 2579 1254 2644 111

109 2676 300 2741 Christiana
325 2675 470 2741 Ecclesia
494 2694 592 2742 veras
615 2678 753 2756 agnovit
780 2679 931 2764 „Israelis
953 2681 1141 2763 reliquias”.

631 2896 648 2969 1
675 2894 726 2957 10.

499 3045 677 3109 Tradetur
700 3049 801 3126 capot
824 3046 870 3110 X.

149 3212 328 3278 Judaicum
351 3210 582 3290 fragmentum
605 3211 659 3277 cui
680 3211 892 3279 Christianus
915 3215 1001 3282 color
1018 3222 1256 3304 posteasuper-

104 3320 241 3385 additus
272 3318 352 3400 init,
386 3318 422 3382 in
452 3318 514 3382 hoc
547 3319 655 3398 capite
687 3319 860 3385 invenitur
888 3340 957 3389 uss.
984 3325 1255 3408 1-8;11-13.

105 3425 264 3492 Traditur
282 3424 315 3487 id
335 3423 421 3504 quod
440 3422 476 3486 in
489 3424 581 3489 omni
592 3424 748 3504 religione
761 3414 936 3493 summum
947 3432 1001 3496 est
1012 3437 1075 3509 (vs.
1090 3435 1149 3497 8—
1160 3437 1198 3501 11
1214 3432 1256 3515 ⁹):

104 3532 229 3612 pietas,
255 3547 357 3611 quarn
381 3529 463 3593 nihil
484 3530 626 3596 interest
646 3532 736 3598 sitne
757 3533 907 3600 Judaeus
928 3537 983 3617 qui
1005 3539 1147 3606 colatan
1161 3542 1258 3609 Grae-

104 3655 183 3717 cus,
208 3636 304 3701 intus
326 3636 421 3700 corde
444 3636 579 3701 fovetur
602 3639 637 3701 et
661 3639 734 3721 ejus
758 3642 891 3721 estqui
915 3642 982 3708 Deo
1007 3646 1151 3711 confidit.
1178 3649 1256 3715 Ver-

105 3744 189 3807 bum
212 3740 273 3807 Dei
296 3744 368 3817 est,
394 3741 430 3805 in
454 3744 569 3807 nostro
594 3746 727 3823 pectore
755 3750 942 3813 exaratum.

153 3848 221 3913 Hic
244 3847 403 3913 distincte
425 3847 617 3929 disputatur
641 3850 804 3917 adversus
823 3855 954 3935 eosqui
972 3857 1258 3928 christianismum

106 3975 149 4022 ex
182 3955 323 4020 historia
354 3957 526 4038 repetunt,
556 3956 610 4021 cui
635 3957 791 4022 innixum
816 3975 888 4025 esse
912 3967 1050 4029 censent
1074 3968 1110 4031 et
1131 3965 1258 4049 impug·

106 4109 280 4118 ——-....-..---

142 4204 173 4268 1)
198 4201 266 4251 Male
290 4202 385 4252 habitus
409 4207 445 4252 est
467 4206 546 4253 textus
572 4203 643 4268 hujus
665 4205 733 4254 tertii
758 4206 894 4271 fragmenti.
918 4208 1084 4260 conclamatus
1111 4215 1146 4262 est
1163 4229 1197 4263 vs.
1216 4214 1256 4265 24.

108 4287 169 4335 Post
195 4283 218 4332 εἶ
242 4281 271 4331 δέ
294 4283 340 4349 (11.
364 4287 406 4344 22)
431 4286 561 4335 necesssrio
588 4287 653 4336 uliud
676 4288 733 4351 quid
756 4290 823 4352 sequi
845 4288 943 4340 debebat
961 4308 993 4340 vs.
1013 4292 1053 4342 24.
1071 4294 1205 4346 Obscurum
1223 4300 1258 4346 est

108 4367 229 4432 quomodo
254 4366 358 4430 scriptor
381 4365 407 4415 in
432 4367 602 4432 cogitationem
618 4368 730 4418 inciderit
748 4386 808 4433 quse
825 4370 886 4420 inest
906 4374 981 4421 Osssc
998 4374 1076 4424 verbis
1093 4378 1117 4435 2,
1136 4378 1176 4428 ab.
1196 4380 1258 4428 Ante

108 4467 141 4500 vs.
171 4450 204 4498 25
227 4448 337 4498 lacunam
360 4450 493 4499 statuimus.
522 4451 563 4501 Vs.
586 4452 617 4499 28
635 4453 748 4500 turbatus
765 4457 809 4501 111.
826 4454 940 4504 Extremo
957 4456 1028 4505 verbs
1045 4472 1078 4507 vs.
1098 4460 1129 4507 33
1149 4460 1256 4510 desumto

110 4536 168 4581 sunt
184 4546 214 4579 ex
232 4532 270 4587 10,
290 4530 329 4589 11,
347 4546 423 4595 neque
440 4532 531 4596 peterit
547 4533 600 4597 quis
620 4549 736 4597 umquam
753 4532 863 4591 πιςεόειν
882 4531 923 4584 ἐπὶ
944 4536 1001 4599 stip
1020 4541 1222 4601 προσκόμματος.

144 4616 174 4674 2)
191 4612 253 4661 Vide
270 4628 331 4676 quse
347 4613 449 4663 diximus
466 4616 495 4663 sd
513 4616 582 4665 Rom.
601 4616 624 4674 9,
643 4616 690 4665 3311
710 4617 834 4682 ipsumque
852 4619 942 4679 locum,
961 4621 1009 4670 Jes.
1027 4622 1068 4681 28,
1088 4624 1128 4673 lo.

1154 4721 1183 4767 11
