3192 5325
626 530 689 593 129

129 712 301 777 Versuum
338 713 374 792 1;
400 707 500 786 3-o‚
533 710 656 792 quibus
688 706 813 774 Paulus
844 708 1026 790 Episcopus
1055 708 1224 789 pericopes

79 836 164 900 quas
194 818 342 884 diximus
371 836 450 883 oum
472 818 580 898 primo
603 816 712 897 eapite
734 816 928 898 conjunxit,
953 816 1122 881 sententia
1143 815 1224 880 haee

78 922 150 991 est:
186 924 237 989 At
255 942 352 1008 oove,
383 927 520 991 obone.
557 923 749 990 Secundum
771 925 807 988 te
831 922 981 989 Gentiles
1004 924 1086 987 suut
1108 921 1224 984 θνατο-

78 1031 208 1107 atrurn
220 1030 265 1115 (1,
281 1032 344 1114 20),
364 1032 423 1097 sed
446 1048 513 1097 non
531 1030 646 1096 minus
665 1027 900 1105 ἀναπολόγητος
920 1029 992 1110 ipse
1009 1046 1046 1094 es
1068 1044 1169 1110 quam
1180 1028 1227 1093 iiii

84 1141 180 1202 sunt.
212 1137 381 1202 Judioium
404 1154 557 1202 exeroere
584 1136 649 1219 ipsi
673 1135 735 1200 tibi
758 1135 942 1216 perieulum
964 1134 1062 1201 affert
1083 1135 1227 1216 facitque

79 1245 119 1308 ut
142 1242 367 1323 oblivisomis,
401 1242 625 1308 misericordia
647 1241 756 1306 Deum
779 1240 937 1310 mortales
959 1240 1075 1307 dooere
1098 1240 1139 1305 ad
1163 1240 1226 1305 vir-

79 1352 212 1431 tutem,
233 1349 291 1415 sed
312 1352 352 1413 tu
373 1351 433 1413 tua
456 1348 704 1415 inhumanitate
725 1347 840 1413 odium
863 1347 926 1413 tibi
948 1364 1119 1429 oomporas
1131 1347 1180 1426 (43
1195 1345 1224 1410 5.

80 1456 244 1523 Extremo
266 1473 318 1521 vs.
342 1456 363 1519 4
387 1477 422 1518 οο
446 1455 623 1521 dolendum
635 1454 672 1539 1).

623 1652 698 1730 ηδ,

465 1836 643 1910 Τνσοίσθηη
666 1837 765 1917 capot
786 1834 856 1901 ΙΙΙ.

128 1992 203 2056 Hoo
223 1990 349 2072 eapite,
374 1990 410 2054 in
434 2006 499 2069 quo
523 1988 738 2053 continuatur
759 1990 998 2067 argumentum
1020 1988 1104 2069 quod
1129 2006 1229 2071 supro

82 2097 278 2179 expositum
309 2096 436 2176 fueret,
468 2093 541 2159 sine
572 2092 671 2159 dubio
703 2095 871 2158 tractatur
893 2094 1044 2175 quaestio
1067 2095 1230 2175 numquid

81 2203 234 2269 Judaeus
256 2203 407 2282 praestet
430 2200 564 2267 Graeco.
589 2198 681 2279 Quod
699 2200 779 2264 otim
798 2216 999 2281 responsum
1014 2200 1094 2283 fuit,
1109 2201 1231 2280 legitur

83 2327 155 2376 vss
181 2309 220 2389 93
247 2308 308 2388 203
333 2306 394 2387 213
418 2302 499 2389 26b).

128 2413 175 2477 Τι’
199 2407 267 2488 αὔης
290 2409 485 2490 προεχόμεθα
492 2430 501 2488 ;
526 2410 560 2474 οὐ
584 2408 728 2482 πάντας·
752 2409 1006 2491 προρτιασοίμεθα
1024 2411 1230 2496 (quodrefer-

81 2527 142 2588 tur
162 2520 206 2586 ad
228 2519 294 2585 alia
317 2535 401 2601 quae
425 2518 564 2599 periere)
588 2517 651 2594 γὰρ
671 2515 831 2589 Ἰουδαίους
852 2540 888 2580 τε
908 2516 958 2581 καὶ
978 2513 1136 2592 Ἕλληνας
1155 2516 1230 2581 ποίν-

80 2652 142 2701 τας
182 2624 237 2706 ὑφ’
260 2624 434 2703 7οὶμαρτίαν
471 2622 801 2707 [consumptum
836 2624 876 2690 cf.
910 2624 981 2692 ssi.
1001 2626 1031 2708 3,
1058 2626 1112 2705 22]
1135 2619 1230 2710 εἶναι,

82 2733 161 2800 διθτι
184 2730 219 2809 ἐξ
237 2731 331 2811 ἔργον
362 2728 453 2807 νθμυν
477 2732 510 2794 οὐ
536 2730 767 2804 δικαιωθήσεται
791 2733 881 2796 πᾶσα
905 2729 983 2810 σὰρξ
1005 2731 1124 2796 ἐνώτιον
1147 2731 1231 2797 θεοῦ·

81 2841 136 2906 διὰ
161 2838 226 2918 γὰρ
245 2838 337 2914 νθμου
359 2837 522 2915 ἐπίγνωσις
546 2836 722 2915 ἁμαρτίας·
745 2836 807 2908 νυνί
834 2837 865 2900 ts
887 2836 1060 2910 ’δικαιοσύνη
1084 2839 1152 2902 θεοῦ
1176 2862 1232 2902 πε-

82 2945 281 3029 pausem,
307 2944 537 3022 μαρτυρουμένη
561 2942 621 3008 ὑπὸ
645 2947 698 3007 τοῦ
722 2942 812 3020 νθμυυ
836 2943 887 3008 καί
909 2949 967 3008 τῶν
988 2949 1167 3024 προφητῶν,
1189 2945 1232 3010 οἷο

82 3053 119 3118 πδ
146 3046 224 3116 εἶναι
248 3051 342 3115 αὐτὸν
366 3049 481 3120 δίκαιον
505 3049 557 3114 καὶ
581 3048 756 3113 δικαιοῦντα
780 3049 832 3113 τὸν
856 3050 889 3114 ἐκ
913 3050 1035 3122 τίσεως.

131 3159 207 3224 Hoo
239 3157 484 3238 fragmentum,
509 3156 606 3222 ouius
628 3157 767 3223 Judeios
788 3158 878 3237 origo
901 3159 996 3238 patet
1017 3174 1060 3222 ex
1082 3176 1147 3224 usu
1170 3158 1231 3239 pri-

85 3283 166 3331 mae
196 3281 357 3344 personae
381 3261 593 3347 προεχόμεθα,
620 3264 732 3347 dooet,
757 3264 942 3329 seeundum
961 3265 1084 3344 Legem
1106 3269 1142 3330 et
1163 3284 1233 3348 pro

85 3375 212 3455 phetas
244 3369 431 3435 innotuisse
461 3370 649 3452 justitiam,
680 3386 765 3451 quae
796 3387 864 3434 non
894 3373 1069 3436 oenseatur
1102 3371 1169 3437 nisi
1191 3371 1232 3450 τῷ

85 3478 182 3545 motu
216 3473 294 3539 οἶνοι
329 3494 368 3542 ae
399 3475 535 3556 proinde
558 3475 674 3541 eadem
696 3476 743 3540 sit
766 3475 892 3541 Judaoo
914 3481 949 3542 et
972 3477 1106 3542 Gentili.
1143 3478 1234 3544 Haeo

85 3588 144 3652 est
179 3583 240 3648 Dei
272 3582 423 3666 justitia,
453 3581 546 3662 ¹quod
576 3582 673 3647 unios
704 3581 834 3662 quaerit
864 3581 1006 3648 fueritne
1027 3582 1104 3664 quis
1127 3581 1232 3666 πισός,

85 3708 173 3756 nam
202 3671 335 3771 reperto
365 3688 504 3753 tandem
534 3705 651 3753 norma
684 3689 753 3772 est,
779 3705 865 3768 quae
887 3689 1025 3755 minimo
1047 3689 1169 3770 pendet
1192 3706 1235 3754 ex

86 3799 209 3876 gente,
236 3811 302 3876 qua
325 3793 464 3885 quisque
488 3793 648 3859 oriundus
670 3795 732 3858 est

92 3955 286 3970 ...ι-..Ἀ

126 4071 156 4136 1)
174 4070 216 4118 Vs.
235 4069 249 4121 7
266 4076 393 4134 corruptus
409 4071 451 4118 est.
470 4067 509 4116 Vs.
528 4067 543 4116 8
561 4067 702 4126 nominativi
720 4066 779 4131 θργη
793 4067 836 4117 καὶ
851 4067 925 4130 θυμὸς
942 4086 970 4119 ex
985 4071 1231 4138 emoreipsiussorip·

87 4155 152 4204 toris
169 4153 218 4202 orti
235 4156 291 4201 sunt
309 4155 380 4216 utque
397 4150 522 4200 retinendi.
540 4151 592 4199 Vsu.
608 4152 624 4200 9
639 4154 664 4200 et
678 4152 710 4200 10
727 4151 752 4199 iu
771 4153 817 4199 fine
834 4151 885 4199 dele
903 4149 1021 4200 Ἰουδαίου
1039 4169 1069 4200 τε
1086 4151 1234 4214 πρῶτονκαδ

88 4235 228 4291 Ἕλληνος,
245 4249 305 4298 quoe
321 4231 392 4282 rerba
407 4233 454 4282 looi
470 4232 600 4282 sententiae
617 4236 758 4298 repugnant.
776 4232 816 4282 Vs.
835 4231 933 4284 17-22
950 4233 1046 4283 turbas
1063 4235 1168 4300 syntaxis
1183 4239 1233 4296 est,

88 4318 156 4367 unde
179 4316 279 4365 fortusse
304 4315 415 4380 arguitur
435 4331 464 4364 ex
485 4315 631 4380 plenioribus
652 4314 710 4363 haee
726 4323 836 4380 excerpto
850 4331 905 4364 esse.
931 4316 983 4365 Vss.
1001 4317 1033 4372 28
1049 4332 1082 4380 sq.
1102 4318 1233 4383 suspicione

87 4415 141 4449 non
164 4404 249 4456 roosnt
270 4397 342 4447 verbs
361 4393 390 4452 iv
407 4397 494 4459 σαρκί,
509 4393 536 4445 ἐν
555 4394 681 4457 πνθθμπτν
698 4394 726 4446 οὔ
741 4395 883 4460 γράμματι.
905 4398 995 4464 Quodsi
1013 4403 1134 4464 praetereo
1152 4400 1234 4450 liceret

89 4481 174 4530 delere
196 4495 231 4529 rs.
249 4480 281 4529 29
298 4479 370 4529 verbo
386 4477 429 4527 nai
446 4477 568 4541 περιτομὴ
584 4475 698 4539 καρδίας,
714 4494 845 4544 pronomen
862 4479 989 4530 relativum
1005 4472 1034 4529 σθ
1051 4481 1128 4530 multo
1145 4481 1235 4530 facilio-

90 4578 147 4613 rem
163 4561 346 4626 expliottioneru
363 4560 467 4610 heberet.

1120 4662 1134 4709 9
