3192 5325
612 529 676 595 159

116 707 196 775 Sunt
229 711 317 792 apud
349 711 532 791 Josepnum
563 695 787 794 narrationem
820 730 905 793 quas
927 714 1075 779 conferre
1097 731 1210 794 possu·

67 833 160 898 mue,
191 820 231 881 nt
262 816 359 882 nobis
388 822 679 898 repraesentemus
702 835 767 898 quo
790 820 903 884 animo
929 821 1068 900 scriptor
1091 820 1210 900 fuerit,

66 939 170 1000 quum
192 922 278 987 hanc
301 922 474 1004 pericopen
497 923 652 988 edolaret.
679 923 828 1004 Zelotae‚
853 924 978 1007 inquit,
1005 926 1054 1001 (B.
1079 926 1104 989 Ι.
1126 926 1156 1008 4,
1180 927 1210 1006 3,

70 1026 128 1109 10)
155 1044 228 1092 sese
258 1027 366 1092 denuo
397 1028 611 1109 impudenter
629 1029 801 1111 jactarant
824 1032 860 1094 et
883 1030 988 1110 plebis
1012 1031 1146 1110 ignavia
1169 1031 1212 1096 iis
1311 1095 1315 1100 ,

67 1132 234 1197 addiderat
262 1134 403 1199 animos.
434 1135 534 1200 lesus
564 1135 722 1200 &amalae
753 1134 842 1200 iilius
877 1139 912 1199 et
946 1135 1089 1201 Ananus
1123 1136 1212 1202 filius

68 1237 229 1317 pontificis
259 1239 399 1303 maximi
431 1240 590 1321 populum
611 1240 683 1321 jam
707 1240 956 1321 increpuerant,
983 1241 1041 1306 sed
1065 1242 1211 1322 indigna·

68 1343 177 1408 hunde
199 1343 381 1409 multitudo
404 1346 572 1426 patienter
594 1347 659 1410 fert
682 1345 768 1425 quod
791 1345 910 1424 corrigi
929 1363 1026 1426 posse
1046 1348 1210 1428 desperat.

68 1443 179 1526 Surgit
212 1450 349 1515 landem
379 1450 530 1530 pontifex
560 1450 612 1513 sel
646 1450 798 1519 πολλάκις
832 1451 874 1520 εἷς
905 1453 955 1514 τὸν
981 1451 1050 1514 ναὸν
1076 1453 1209 1532 οὶπιδύν,

69 1553 232 1627 ἐμπλήσας
263 1576 298 1615 τε
330 1553 398 1624 τοὺς
433 1553 613 1635 ὀφθαλμούς
646 1554 797 1636 δακρύων,
825 1553 1079 1640 ἦκαλύνγε,
1105 1553 1210 1634 εἶπεν,

69 1655 110 1729 ἦν
133 1659 219 1734 ἐμοὶ
244 1659 459 1737 τεύνύναι,
485 1659 553 1740 πρὶν
577 1660 689 1724 ἐπιδεῖν
714 1661 764 1723 τὸν
789 1656 867 1725 οἷκον
891 1665 945 1725 τοῦ
970 1663 1035 1725 θεοῦ
1056 1665 1209 1736 τοσούτοις

67 1761 158 1840 ἄγεσι
181 1764 416 1842 καταγέμοντα.
442 1767 568 1832 Deinde
587 1767 685 1846 longa
704 1757 854 1832 Oratione
874 1768 1034 1849 populum
1054 1771 1096 1834 ad
1116 1789 1210 1838 arma

69 1874 181 1936 vocal:
211 1871 277 1934 ούδὶ
307 1876 409 1952 Φωνην
441 1894 486 1942 τις
518 1873 658 1951 ἀφῆκεν,
686 1873 746 1949 ούχ
770 1868 850 1942 ὅπως
877 1873 993 1943 ἐκίνησε
1018 1876 1072 1947 την
1096 1875 1208 1952 δεξιάν.

69 1975 176 2052 Φέρετε
207 1977 242 2049 tl
273 1977 387 2055 τοίνυν,
420 1977 531 2056 Φέρετε
556 1977 738 2052 πατούμενα
762 1977 936 2054 βλέποντες
962 1982 1003 2043 τα
1029 1975 1130 2059 ύγνας
1156 1984 1208 2047 καὶ

69 2081 187 2153 πύντας
225 2082 382 2153 ὑποθέντες
420 2085 523 2152 αὐτοῖς
561 2091 622 2153 τοῖς
655 2084 781 2154 οὶνοσύοις
809 2085 879 2154 τοὺς
912 2091 968 2148 τῶν
1001 2089 1211 2164 τολμημάτων

71 2187 207 2264 βαθμοὺς
238 2192 283 2266 μὴ
315 2189 482 2268 βαρύνεσθε
513 2193 568 2263 τὴν
599 2190 770 2268 ύπεροχὴνς
796 2190 941 2257 Deinde:
966 2187 1129 2264 εἶτα’τοι“ις
1155 2204 1210 2269 τῆς

71 2295 237 2370 οἰκουμένης
263 2296 417 2365 δεσπότας
440 2299 485 2371 μη
509 2294 651 2373 φέροντες
677 2302 735 2358 τῶν
755 2295 920 2377 ὁμοφύλων
940 2299 1087 2376 τυραννον
1107 2300 1208 2376 οὶνεξύ·

70 2402 166 2476 μεύα;
197 2402 281 2468 Post
311 2420 433 2483 panea:
465 2401 553 2465 τὸδὲ
577 2409 639 2471 τοῖς
664 2401 780 2470 οἰκείοις
804 2400 893 2465 εἴκειν
917 2411 1049 2482 πονηροῖς
1076 2407 1209 2482 ἀγεννῶν

71 2505 113 2572 iet
138 2507 186 2570 sal
210 2508 275 2592 (τὸν
300 2507 391 2572 κοινὸν
415 2507 494 2585 βίον)
519 2506 764 2585 προαιρουμένων.
790 2508 906 2574 Vincit
929 2512 1097 2576 sacerdos:
1122 2512 1208 2577 τὸδὲ

71 2613 175 2686 πλῆθος
199 2614 232 2699 (ἓ
259 2615 312 2698 11)
338 2611 428 2691 ύγενν
452 2613 563 2686 αύτούς
588 2613 666 2690 ilicet
686 2615 753 2678 καθ’
772 2609 810 2677 ὧν
831 2612 1002 2694 παρεκάλει
1023 2615 1074 2679 καὶ
1096 2641 1209 2697 προκιν-
1275 2649 1282 2665 ·

69 2717 190 2783 1υνεύενν
215 2718 326 2789 incest
349 2718 382 2793 ἦν
403 2718 619 2797 ἑτοιμότατος,
643 2724 679 2786 et
702 2721 820 2802 incipit
839 2739 968 2805 pugne,
989 2741 1055 2804 qua
1066 2725 1209 2792 Ananne

68 2842 144 2889 mox
161 2828 345 2893 occumbet.
370 2827 435 2892 Hic
454 2828 596 2908 scriptor
614 2844 682 2908 non
698 2827 813 2893 minus
824 2827 953 2893 alienus
964 2830 1006 2894 ab
1019 2830 1209 2898 Zeloterum

77 2969 195 2979 κ...
220 2977 253 2982 -.

70 3076 127 3110 mna.
151 3062 213 3110 Ἀπὸ
236 3065 283 3110 τοῦ
305 3066 397 3125 χρνςού
418 3080 452 3113 vs.
475 3065 490 3112 2
515 3064 629 3112 deleatur.
654 3065 710 3112 Non
733 3063 814 3129 potnit
831 3064 888 3111 heac
904 3062 1059 3129 interpolatio
1077 3066 1206 3116 neccssaria

70 3142 153 3201 rideri,
176 3145 290 3209 quamdin
314 3146 481 3210 Hierosolyma
499 3145 601 3195 stabnt.
619 3146 654 3194 Ex
671 3161 704 3194 rs.
723 3147 745 3203 1,
763 3146 805 3209 qni
823 3145 914 3195 redolet
931 3145 947 3194 2
965 3147 1018 3194 Cor.
1041 3147 1078 3205 ll,
1097 3149 1139 3205 313
1159 3149 1212 3199 eal.

72 3226 92 3282 l,
115 3226 147 3274 20
167 3234 191 3276 et
211 3227 332 3291 imprimis
356 3229 369 3276 1
388 3228 448 3277 lim.
467 3231 490 3287 2,
510 3228 532 3286 7,
551 3243 626 3292 quum
642 3227 717 3275 nimia
737 3231 808 3290 atque
826 3227 972 3276 incredibilis
990 3230 1140 3291 exaggeratio
1158 3246 1206 3281 esse

71 3307 180 3367 rideatur,
204 3308 287 3372 (sicuti
311 3325 394 3358 revere
415 3315 464 3367 est,
483 3310 529 3357 nisi
545 3310 599 3373 quis
615 3310 643 3357 ad
661 3313 755 3372 tempus
773 3310 894 3367 attendat,
914 3325 960 3372 quo
978 3309 1034 3357 haec
1052 3310 1140 3375 scripta
1157 3313 1207 3361 fue·

70 3390 147 3453 runt),
170 3389 233 3440 nihil
251 3395 372 3439 remaneat
387 3394 493 3455 praeter:
514 3387 630 3446 ύληύτναν
648 3387 724 3451 λέγω.
742 3417 775 3427 -
794 3390 834 3439 Vs.
852 3392 868 3437 4
886 3389 951 3439 dele:
972 3387 1061 3446 οἵτινές
1078 3390 1139 3439 εἰσιν
1158 3393 1206 3441 Ἰσ-

71 3473 196 3528 ραηλῖται,
218 3488 261 3521 nec
282 3472 395 3537 scriptori
417 3488 509 3521 necesse
525 3473 571 3521 fnit
589 3472 666 3521 dicere
683 3487 743 3536 quoe
760 3473 893 3533 συγγενεῖς
909 3472 1048 3537 appelleret.
1068 3474 1107 3522 Vs.
1128 3480 1141 3523 ⁵
1159 3492 1207 3525 non

70 3553 196 3615 tangimus:
223 3553 286 3602 nihil
309 3554 410 3619 impedit
430 3555 556 3617 quominus
578 3555 702 3602 credemus
723 3554 865 3617 scriptorem
890 3552 1012 3603 Christum
1035 3554 1147 3615 coluisse,
1165 3559 1205 3606 sed

70 3636 133 3683 κατὰ
149 3634 229 3697 σάρκα
247 3651 295 3684 non
312 3640 380 3684 vacat
399 3636 537 3701 suspicione.
558 3636 702 3699 Doxologia,
720 3651 780 3699 qnae
798 3634 877 3700 primo
894 3634 981 3684 obtutu
998 3639 1049 3685 tam
1066 3637 1128 3685 mira
1144 3639 1207 3688 vide·

70 3714 228 3775 batnr‚'nnnc
251 3718 378 3766 mnodum
396 3720 519 3766 commoda
535 3720 570 3766 et.
589 3720 668 3783 Quam
685 3717 762 3766 mults
780 3717 914 3765 acciderant
931 3717 1001 3769 olim.
1019 3732 1079 3781 quse
1095 3724 1206 3783 poterant

70 3801 203 3848 confirmare
220 3800 250 3847 ri
268 3797 415 3859 ὑπόλειμμα
432 3797 592 3855 σωθήσεσθαι.
611 3800 668 3847 Post
685 3799 740 3847 illos
756 3797 868 3863 pulchros
885 3812 966 3847 verane
986 3798 1056 3856 1--1,
1075 3816 1123 3849 non
1141 3802 1207 3850 debe·

70 3894 115 3929 mm
139 3881 226 3929 offendi
251 3880 403 3929 rabbinietica
424 3881 623 3945 interpretatione
645 3896 690 3929 vas.
711 3882 726 3929 6
743 3896 793 3943 sqq.
813 3880 901 3929 Statim
917 3879 947 3929 ab
965 3880 1036 3929 initio
1053 3881 1142 3930 laudati
1161 3883 1207 3933 loci

71 3962 182 4027 exipsius
197 3962 322 4027 scriptoris
339 3966 419 4011 mente
436 3962 461 4010 id
478 3963 610 4026 significare
628 3964 770 4027 potnerunt,
789 3963 850 4025 quod
870 3961 909 4009 hio
926 3961 1070 4026 perhibetur.
1089 3963 1146 4013 Jarn
1155 3981 1204 4013 ma·

70 4045 116 4091 ture
140 4045 271 4109 prophetae
295 4049 425 4109 potuerunt
448 4060 580 4109 proponere
603 4044 758 4101 sententiam,
777 4059 837 4106 qnae
854 4043 957 4091 formam
974 4044 1076 4092 mutavit
1094 4047 1133 4094 sed
1153 4051 1205 4110 pont

70 4127 101 4172 tot
119 4127 212 4174 saecula
234 4125 305 4174 hodie
328 4129 451 4189 tamquam
474 4142 554 4174 recens
571 4126 704 4190 excogitata
720 4125 746 4173 in
763 4125 853 4173 honore
871 4131 914 4173 eat.
933 4124 975 4173 lest
992 4125 1054 4173 eninr
1072 4128 1155 4176 electio
1171 4132 1205 4179 ἑο·

70 4207 132 4255 lectio
148 4209 211 4255 mata
227 4211 372 4272 crepantqne
388 4223 469 4256 ornnes
486 4207 727 4265 commutatione,
746 4208 853 4270 οοηιρρῖο
864 4205 980 4270 fortiss,
998 4207 1103 4257 cervical
1118 4211 1153 4273 os
1164 4211 1207 4261 11η

67 4288 151 4347 fittest.
171 4288 272 4354 Proprie
285 4304 355 4339 sensa
368 4293 427 4339 tnnc
443 4289 558 4353 temporis
573 4285 666 4351 ἐκλογὴ
679 4287 853 4345 nominabatur,
868 4286 898 4336 cf.
913 4286 930 4334 J
931 4286 1009 4353 osaph.
1021 4288 1048 4336 B.
1061 4290 1080 4337 l.
1091 4292 1114 4348 e,
1125 4291 1148 4349 8,
1161 4294 1203 4340 14:

71 4369 128 4430 φασὶ
152 4368 180 4419 δὲ
205 4370 303 4435 (nempe
328 4371 470 4435 Sadducaei)
497 4366 538 4419 ἐπ’
562 4368 689 4432 ιἰνύρύπυν
712 4365 806 4432 ἐκλογῇ
831 4370 862 4417 τό
884 4367 1068 4417 remittam?
1083 4372 1113 4419 τὸ
1132 4376 1205 4421 κακον

72 4451 211 4511 προκεῖσθαι.
236 4452 275 4501 Vs.
301 4453 332 4500 le
350 4452 449 4501 fortusse
466 4455 531 4514 certa
548 4454 664 4516 qusedam
682 4467 782 4516 persona
798 4450 953 4515 intelligenda
970 4452 1032 4512 init,
1050 4452 1116 4502 cuins
1133 4456 1206 4507 male·

72 4547 119 4583 eane
135 4532 261 4597 diligentia
277 4531 339 4582 nihil
355 4532 412 4582 boni
428 4532 590 4598 portendebat.
