3192 5325
922 532 965 602 34

368 720 567 786 etAbrahae
578 723 728 799 tempore
739 721 904 800 praeclare
917 720 1153 785 confirmatum
1164 719 1240 784 fuit.
1254 719 1336 784 Post
1345 735 1422 784 eum
1430 716 1506 786 alec

369 826 496 892 sensim
515 825 743 906 paulatimque
760 842 804 890 ex
823 827 921 891 terris
938 827 1078 890 evanuit
1090 826 1235 906 adeoque
1247 823 1403 890 mortales
1415 825 1506 890 officii

368 933 462 998 obliti
492 933 590 1011 sunt,
613 933 654 995 ut
681 931 754 1012 ipsa
777 931 863 996 vitia
885 931 991 1010 legem
1015 931 1233 1010 efflagitarint
1256 933 1420 1011 tanquam
1442 948 1505 994 cus·

367 1038 481 1103 todem
509 1055 586 1102 cum
616 1037 721 1102 atroci
755 1038 993 1103 exsecratione.
1026 1037 1094 1102 Nec
1117 1040 1232 1102 tamen
1256 1036 1347 1101 Deus
1370 1037 1506 1100 mendax

367 1145 478 1210 factus
500 1147 569 1226 est,
594 1161 655 1209 neo
678 1143 792 1208 minus
816 1143 840 1207 oi
866 1143 899 1206 ἐκ
924 1144 1035 1214 ricem
1061 1143 1293 1219 εὐλογήοοντοι.
1318 1141 1394 1206 Sint
1416 1141 1505 1206 modo

368 1249 449 1316 mol
473 1251 509 1315 et
531 1250 783 1331 exsplendescet
805 1250 839 1314 id
863 1250 950 1331 quod
974 1257 1094 1316 verum
1116 1253 1185 1316 est:
1212 1247 1267 1327 πρὸ
1293 1251 1346 1311 τοῦ
1365 1246 1396 1310 δὲ
1417 1247 1505 1311 ἐλθεῖν

368 1358 422 1430 τὴν
446 1356 529 1422 πίε-ιν
553 1354 684 1433 (modo
710 1354 892 1425 ποςεύοντοος
918 1375 944 1422 s.
970 1357 1089 1440 ποςούς)
1112 1355 1168 1420 ὑπὸ
1189 1353 1276 1431 νόμον
1291 1353 1505 1433 ἕφρουρούμεθο

369 1464 410 1532 εἰς
434 1462 488 1535 τὴν
511 1463 690 1536 μέλλουσαν
716 1461 800 1529 πίςον
828 1463 1086 1542 ἀποκαλυφθῆναι
1112 1461 1176 1546 (vs.
1203 1463 1259 1543 23)
1284 1461 1338 1527 Vel
1361 1458 1449 1539 ἄχρις
1473 1459 1505 1522 ἂν

368 1564 439 1646 ἔλθῃ
473 1568 507 1630 τὸ
539 1567 662 1645 σπέρμα
691 1561 712 1647 ᾧ
744 1567 956 1645 ἐπήγγελται.
989 1569 1107 1650 Itaque
1135 1569 1251 1633 sutura
1283 1567 1366 1634 πίςοο
1397 1569 1506 1633 eadem

367 1692 452 1756 quae
473 1675 590 1739 futura
612 1675 768 1740 Abrahae
791 1676 919 1741 soboles
933 1673 968 1757 1).

412 1781 464 1844 Ex
494 1780 556 1844 hac
586 1797 716 1861 quoque
746 1781 1010 1846 consideratione
1041 1782 1257 1864 explicandus
1287 1801 1338 1847 vs.
1376 1783 1436 1846 25:
1462 1781 1505 1843 ia-

368 1884 470 1954 lotcic
492 1883 522 1947 δὲ
542 1892 597 1958 τῆς
621 1888 732 1952 riscus
756 1885 855 1970 (quod
880 1887 1020 1952 minime
1042 1889 1224 1966 significat:
1249 1889 1505 1970 quamprimum

367 1992 519 2057 educatio
550 1994 666 2056 nostra
699 1993 847 2072 perfecta
876 1993 956 2076 erit,
993 1995 1064 2059 vel:
1096 1997 1275 2075 postquam
1297 1993 1410 2059 fideles
1432 1992 1505 2058 iacti

367 2101 500 2181 sumus)
527 2099 598 2180 jam
630 2114 698 2161 non
728 2116 848 2164 sumus
877 2100 940 2164 sub
963 2099 1149 2180 paedagogo
1173 2101 1227 2166 vel
1251 2100 1396 2166 custode.
1421 2098 1505 2179 Quod

366 2205 419 2269 hic
449 2205 673 2286 praedicatur,
706 2205 846 2269 minime
877 2205 1001 2284 pendet
1031 2215 1075 2271 err
1108 2205 1314 2284 singidorum
1337 2205 1502 2271 hominum

366 2310 513 2376 arbitrio.
538 2312 615 2377 Jam
639 2312 734 2377 venit
757 2311 858 2392 πίςις,
885 2329 969 2393 quae
993 2330 1051 2392 per
1075 2312 1182 2377 multa
1206 2315 1340 2378 saecula
1352 2313 1504 2386 piraeum

366 2415 450 2486 πίοις
471 2416 545 2481 fuit.
573 2417 798 2482 Continuatur
821 2435 933 2482 rerum
952 2419 1047 2498 ordo,
1073 2419 1130 2498 qui
1153 2422 1230 2498 post
1253 2417 1408 2484 Abrahae
1431 2421 1504 2482 tem·

364 2538 446 2601 pora
475 2522 688 2588 intermissus
719 2524 845 2607 iuerat,
878 2523 967 2588 unde
998 2523 1038 2587 fit
1065 2527 1105 2588 ut
1137 2525 1209 2606 jam
1243 2523 1429 2604 paedagogo
1458 2520 1505 2586 vel

252 2632 255 2637 “
365 2627 501 2692 custode
525 2629 732 2709 supersederi
761 2629 878 2710 possit.

410 2732 496 2797 Cum
527 2734 588 2799 hoc
611 2734 798 2813 fragmento
823 2736 959 2801 Judaico
983 2737 1107 2801 Paulus
1132 2737 1315 2818 Episcopus
1339 2735 1506 2820 conjunxit

364 2839 497 2905 aliunde
520 2840 545 2904 i.
572 2840 699 2905 Versus
723 2842 830 2917 2-5,
847 2842 897 2906 ‘in
921 2842 1042 2923 quibus
1065 2844 1151 2908 alius
1180 2844 1309 2907 dicendi
1344 2861 1428 2909 usus
1450 2858 1506 2907 cer-

366 2946 475 3027 nitur;
500 2963 566 3011 non
589 2947 681 3011 enim
701 2948 802 3028 risio,
829 2949 887 3013 sed
907 2951 1032 3022 πνεῦμα
1052 2949 1164 3030 potius
1184 2948 1217 3013 id
1230 2949 1416 3030 appellatur
1427 2946 1505 3029 quod

366 3069 541 3117 summum
575 3056 628 3118 est
641 3049 678 3137 ²).
711 3054 753 3118 H.
787 3054 935 3119 Versum
965 3055 1127 3136 primum,
1161 3054 1197 3120 in
1232 3072 1297 3136 quo
1333 3055 1374 3118 fit
1409 3052 1506 3120 crucis

365 3158 509 3239 mentio,
543 3176 628 3239 quae
659 3178 728 3225 vss.
762 3160 874 3223 2-25
902 3176 962 3225 nec
986 3163 1192 3225 memoratur
1214 3165 1320 3242 neque
1345 3162 1426 3227 adeo
1449 3176 1506 3224 me·

365 3262 488 3327 morari
510 3265 631 3343 potuit.
655 3264 704 3328 ΙΠ
727 3265 805 3330 Vss.
833 3266 874 3329 13
897 3268 932 3331 et
954 3267 1011 3346 14,
1033 3283 1175 3347 quorum
1195 3266 1283 3347 prior
1302 3283 1380 3331 cum
1392 3266 1505 3345 reliquo

364 3369 527 3432 contextu
550 3368 689 3434 minime
709 3370 862 3435 conciuit
886 3371 970 3451 qnid
989 3372 1105 3436 enim?
1126 3371 1186 3435 Vs.
1203 3372 1244 3435 10
1261 3372 1324 3436 sub
1340 3372 1506 3437 maledieto

365 3474 446 3536 sunt
470 3464 489 3532 ὅ
494 3494 552 3534 σοι
586 3478 659 3550 (sua
689 3476 823 3559 sponte)
847 3473 880 3549 ἐξ
904 3474 998 3553 ἔργον
1022 3475 1112 3549 νόμον
1138 3476 1229 3539 εἰσίν·
1254 3494 1306 3543 vs.
1334 3478 1375 3542 13
1399 3480 1505 3543 autem

366 3594 483 3645 omnes
507 3579 641 3643 omnino
665 3580 832 3647 mortales.
858 3584 936 3648 Vss.
960 3583 1071 3648 6-12
1102 3583 1186 3647 satis
1209 3585 1263 3647 est
1285 3600 1360 3649 esse
1382 3582 1505 3648 fidelem

365 3701 443 3750 cum
465 3684 554 3749 fideli
577 3684 714 3750 Abraha
737 3690 778 3751 ut
802 3688 1016 3754 maledictum
1040 3688 1281 3769 subterfugias,
1308 3706 1373 3769 quo
1397 3707 1447 3753 us.
1468 3685 1505 3751 13

366 3788 521 3853 Christus
544 3789 680 3855 demum
702 3810 764 3857 nos
786 3794 924 3859 liberare
951 3795 1083 3874 poterit.
1109 3794 1169 3859 Vs.
1197 3794 1239 3857 10
1263 3795 1420 3860 mortales
1445 3792 1505 3855 ἐπι-

367 3893 537 3971 europam
561 3895 651 3960 fiunt
673 3902 807 3979 propter
829 3900 961 3964 Deuter.
989 3901 1047 3982 21,
1076 3901 1134 3981 16;
1159 3917 1210 3964 vs.
1234 3900 1275 3963 13
1297 3900 1449 3965 Christus
1471 3896 1505 3961 lit

368 4000 594 4077 ὶπικοτοὶροτοο
614 4007 747 4084 propter
769 4005 902 4070 Deuter.
931 4007 991 4085 21,
1007 4006 1067 4070 23:
1086 4008 1224 4087 apparet
1247 4007 1329 4071 haec
1350 3998 1505 4072 conciliari

379 4139 543 4151 --Ἀ

403 4211 432 4277 1)
452 4215 535 4262 Deva.
551 4215 584 4262 24
601 4214 654 4262 vide
672 4215 744 4264 infru¹

402 4295 430 4360 2)
447 4295 562 4344 Attendat
577 4295 630 4359 quis
647 4296 676 4344 ad
696 4298 849 4362 participium
868 4294 1025 4360 ἐπιχορηγῶν
1044 4314 1075 4347 vs.
1098 4300 1118 4348 5.
1142 4298 1193 4346 Hoc
1213 4315 1260 4347 non
1278 4301 1314 4347 est
1330 4298 1428 4348 verbum
1447 4288 1501 4359 quoi

368 4379 539 4440 exspectamus,
563 4391 592 4424 ne
614 4379 712 4437 πνεῦμα
731 4380 821 4441 aliquid
847 4382 888 4427 liat
910 4381 1054 4428 extrinsecus
1071 4380 1168 4429 illatum
1189 4384 1214 4428 et
1231 4385 1354 4445 praeterea
1371 4381 1451 4429 confer
1467 4372 1503 4421 ὃν·
1578 4412 1579 4447 ἦ

368 4455 454 4518 νέμεις
474 4458 529 4506 illas
545 4462 570 4506 ei
584 4459 653 4508 Rom.
673 4460 701 4516 l,
720 4460 763 4509 ll:
781 4456 889 4508 ἐπιποθῶ
905 4462 954 4522 γὰρ
972 4459 1031 4509 ἰδεῖν
1049 4460 1116 4521 ὑμᾶς
1135 4462 1175 4510 ἵνα
1198 4478 1223 4509 πο
1243 4460 1374 4522 μεταδῶ
1392 4459 1501 4523 papatu
1578 4454 1579 4495 i

370 4541 544 4601 πνευματικόν.
