3192 5325
637 589 708 657 275

95 775 167 839 lem
194 791 276 840 esse.
307 775 431 839 Deinde
463 777 477 837 1
507 774 653 837 Corinth.
693 776 743 856 14,
771 774 831 837 38:
864 773 888 835 εἰ
914 772 946 836 δέ
971 797 1015 842 τις
1042 777 1156 855 οῖγνοεῖ,
1183 777 1246 849 οὶγ·
1275 847 1277 852 ,

97 888 255 943 νοεῖτον
297 883 351 945 est
385 881 421 944 in
456 878 629 960 Sinaitioo,
668 881 725 944 sed
763 879 961 953 οῖγνοεῖοο
1001 884 1054 944 est
1089 881 1123 944 in
1157 881 1248 946 Vati-

96 1004 198 1069 cano‚
237 985 314 1051 alibi
348 986 487 1064 legitur;
523 985 601 1049 hinc
636 985 901 1050 Tischendorfius
937 987 1039 1050 edidit
1070 987 1247 1059 οῖγνοεῑοαο·

97 1093 240 1156 duhium
276 1093 367 1156 enim
409 1110 476 1156 non
511 1108 585 1156 esse
619 1093 698 1172 quin
736 1091 883 1166 οῖγνοεῖτο
919 1110 978 1172 pro
1014 1091 1156 1157 faciliore
1190 1093 1249 1155 lec·

97 1199 192 1263 tione
225 1199 416 1263 habendum
448 1197 502 1262 sit.
536 1198 627 1261 Num
656 1197 758 1275 igitur
788 1199 932 1262 infames
964 1202 1046 1262 sunt
1073 1198 1248 1278 lectioneS,

98 1321 187 1384 quae
218 1304 378 1368 facilitate
409 1304 711 1368 commendantur?
742 1304 958 1369 Admirabilis
991 1323 1095 1370 canon
1126 1305 1156 1368 is
1179 1306 1248 1384 est,

99 1411 144 1473 ad
167 1427 268 1490 quem
292 1410 474 1488 scripturae
498 1409 644 1473 varietas
667 1409 830 1487 exigetur.
857 1410 958 1474 Porro
986 1412 1001 1473 1
1026 1409 1175 1474 Corinth.
1200 1408 1250 1487 15,

101 1516 145 1581 47
180 1514 418 1579 Marcionitioe·
436 1514 566 1578 tinctus
594 1517 648 1577 est
674 1514 784 1578 Codex
808 1515 1057 1579 Alexandrinus
1082 1530 1190 1594 neque
1210 1515 1251 1578 ab

100 1638 142 1686 ea
165 1619 238 1685 labe
262 1621 425 1685 immunis
438 1619 565 1684 mansit
578 1616 775 1701 Sinaiticus‚
791 1639 834 1685 ne
846 1620 930 1686 forte
942 1624 1041 1700 putes
1054 1621 1115 1684 hoc
1128 1621 1251 1685 vitium

101 1730 293 1808 competere
318 1726 403 1791 solis
435 1727 525 1802 codd.
560 1727 587 1790 B
600 1726 667 1811 Did*
682 1724 719 1789 G.
746 1726 851 1790 Maior
874 1727 978 1791 etiam
1002 1727 1167 1791 dubitatio
1192 1726 1251 1789 ori-

99 1837 159 1898 tur
191 1833 355 1913 quomodo
387 1833 643 1896 constituendus
673 1833 719 1896 sit
754 1834 768 1896 1
797 1833 943 1897 Corinth.
971 1834 1020 1914 15,
1048 1833 1108 1897 51:
1135 1829 1250 1900 πάντες

99 1939 135 2000 οὐ
170 1935 397 2012 αοομησόμεθα,
431 1936 544 2006 παντες
575 1936 606 1998 δὲ
631 1935 881 2012 ἀλλαγησόμεθα
906 1941 941 2002 et
965 1941 1062 2002 iahia
1086 1941 1139 2002 est
1164 1937 1253 2000 inter

98 2044 252 2109 librarios
287 2043 466 2125 dissonam,
504 2046 630 2123 quanta
661 2045 768 2124 maior
800 2062 868 2108 non
900 2045 1012 2124 potest
1044 2060 1118 2108 esse
1151 2059 1254 2122 eaque

102 2150 270 2216 dissensio
300 2150 513 2230 permanavit
543 2149 584 2213 ad
612 2147 868 2214 Lachmannum
888 2153 923 2214 θῖ
955 2149 1252 2227 Tischendortium‚

75 2272 248 2337 'quorum
279 2255 364 2319 alter
395 2272 599 2335 quamquam
630 2255 747 2319 ducem
781 2273 883 2320 suum
914 2256 1073 2334 ignorans
1103 2255 1255 2335 sequitur

105 2362 308 2427 Sinaiticum
342 2361 591 2441 conspirantem
622 2378 699 2424 cum
732 2361 867 2443 ACFG,
900 2361 952 2424 hic
976 2365 1091 2426 autem
1124 2360 1277 2424 Vatica-

24 2469 27 2476 '
106 2487 204 2534 num.

152 2573 321 2662 Venimus
344 2574 385 2638 ad
409 2573 518 2638 Galat.
547 2575 575 2653 1,
604 2576 631 2638 l:
657 2574 706 2636 aa
732 2572 831 2644 Ἰησοῦ
856 2578 961 2651 χμςοῦ
987 2575 1037 2636 καὶ
1061 2577 1125 2637 θεοῦ
1140 2574 1253 2649 πατρὸς

104 2685 160 2743 τοῦ
193 2681 365 2758 ἐγείραντος
398 2680 490 2742 αὐτὸν
524 2681 557 2743 ἐκ
584 2686 710 2755 νεκρῶν
747 2684 926 2762 scripserat
950 2684 1065 2747 autem
1090 2682 1253 2747 Marcion:

104 2786 157 2851 διὰ
193 2785 292 2860 Ἰησοῦ
323 2790 429 2863 χρνςοῦ
463 2790 515 2848 τοῦ
545 2787 716 2863 ἐγείραντος
740 2789 832 2850 αὑτὸν
858 2790 890 2850 ἐκ
914 2795 1028 2865 νεκρῶν.
1051 2789 1102 2852 Sit
1126 2788 1187 2853 hoo
1211 2791 1256 2851 16-

104 2912 198 2959 mere
220 2894 348 2958 factum
373 2909 432 2956 nec
457 2910 538 2957 sane
563 2893 764 2959 Marcionem
791 2895 845 2959 hic
868 2912 1045 2975 sequemur
1052 2916 1059 2974 ;
1086 2895 1143 2959 sed
1164 2894 1196 2957 id
1209 2897 1256 2957 ta-

103 3016 186 3063 men
217 2998 387 3078 videmus‚
420 3000 509 3064 unde
539 2999 585 3063 sit
608 2999 735 3064 facturn
759 3003 800 3063 ut
823 3000 924 3064 toties
948 3018 1006 3079 pro
1031 2999 1187 3074 ἐγερθῆναι
1209 3001 1254 3063 in-

102 3106 264 3170 veniatur
287 3104 381 3174 varia
403 3105 499 3169 lectio
524 3105 693 3187 οῖοοςῆνοοο,
719 3106 759 3169 cf.
785 3106 872 3169 infra
899 3106 912 3169 1
942 3105 1090 3170 Corinth.
1118 3108 1168 3185 15,
1195 3106 1254 3184 52;

105 3213 247 3292 apparet
277 3210 379 3288 igitur
407 3200 659 3276 vetustissimos
683 3211 783 3276 libros
807 3230 889 3291 quos
912 3213 1093 3291 habemuS,
1120 3210 1258 3275 haereti·

105 3334 223 3382 corum
241 3316 488 3380 tentaminibus
507 3317 648 3381 infectos
670 3316 788 3391 fuisse,
813 3318 870 3382 sed
890 3319 1052 3397 quomodo
1072 3320 1107 3381 et
1128 3317 1258 3397 quando

105 3424 139 3486 id
171 3421 300 3485 facturn
333 3422 395 3502 sit,
429 3422 525 3503 plane
548 3423 715 3486 incertum
738 3426 801 3488 est.
828 3424 935 3504 Quam
958 3441 1077 3503 parum
1101 3423 1259 3488 novimus

109 3528 202 3593 sitne
231 3527 273 3590 ad
303 3527 463 3607 Ephesios
494 3527 638 3608 epistula
662 3544 779 3593 revera
803 3530 973 3613 Ephesum
996 3529 1125 3594 missa?
1151 3529 1259 3608 Quam

109 3634 221 3698 muita
251 3650 309 3713 pro
340 3633 502 3698 lectorum
531 3634 668 3697 arbitrio
697 3636 883 3700 constituta
905 3635 1126 3709 videbuntur,
1153 3652 1259 3714 quum

108 3740 237 3805 Paulus
271 3739 395 3805 Graece
430 3757 550 3819 parum
586 3740 704 3805 doctus
738 3741 857 3805 fuerit:
893 3741 970 3805 audi
1006 3742 1182 3820 Origenem
1219 3740 1261 3804 ad

109 3847 232 3928 Ephe&
267 3848 295 3928 2,
326 3847 363 3911 4:
389 3844 439 3907 σὸν
467 3854 521 3908 ΔΕ
548 3844 715 3919 σύνδεσμον
740 3846 900 3920 ἡγούμεθα
926 3846 990 3917 ἤτοι
1016 3846 1260 3925 παρεμβεβλῆσ-

110 3953 163 4016 θαι
188 3950 292 4026 μοὶτην
317 3951 347 4012 ἕν
368 3957 430 4020 τοῖς
455 3949 658 4028 ἀντιγραφαῖς
685 3950 700 4022 ἢ
726 3950 763 4021 ὡς
789 3949 839 4013 ὑπ’
866 3951 982 4015 ἰδιώτου
1007 3955 1048 4031 τῷ
1074 3952 1157 4029 λόγῳ
1179 3952 1260 4015 Ποία-

111 4073 168 4121 hou
201 4059 244 4131 μη
277 4056 475 4132 τεθεωρῆσθαι
511 4041 705 4133 σαρέλαοναα
736 4058 919 4138 itidemque
951 4061 992 4125 ad
1018 4061 1137 4140 Ephes.
1165 4060 1194 4140 3,
1224 4062 1261 4123 i:

110 4161 308 4235 σολοικισμὸν
327 4163 358 4225 δὲ
378 4161 539 4237 γεγονέναι
561 4160 670 4241 νομίζον
692 4162 721 4222 ἕν
742 4166 782 4237 τῷ
807 4162 907 4239 τόσῳ·
930 4166 1072 4246 denique
1085 4166 1127 4231 ad
1140 4166 1261 4246 Ephes.
1304 4208 1308 4215 ·

112 4270 144 4353 5,
182 4270 220 4331 11
250 4268 493 4351 Hieronymus,
520 4269 576 4348 qui
600 4286 642 4332 ex
666 4268 805 4360 Origene
830 4271 969 4350 pendet:
999 4272 1101 4357 „Quia
1125 4290 1204 4337 vero
1229 4272 1264 4336 in

111 4379 177 4442 hoc
206 4373 275 4439 loco
307 4377 486 4439 contextus
517 4373 636 4454 eloquii
666 4374 801 4439 videtur
832 4393 906 4440 esse
937 4378 1094 4443 turbatus
1128 4381 1162 4443 et
1191 4381 1264 4443 tota

106 4466 245 4549 'scatere
275 4479 474 4564 (squaleret)
506 4480 691 4560 sententia,
725 4481 773 4545 sic
806 4481 912 4547 ordini
942 4500 1052 4548 sermo
1076 4484 1263 4549 reddendus

113 4587 202 4655 est''.
237 4586 325 4650 Hinc
354 4586 444 4650 idem
474 4585 527 4650 ille
557 4586 599 4651 ad
631 4588 645 4651 1
679 4587 850 4664 Thesei,
879 4588 919 4651 6:
946 4590 1098 4654 caussati'
1117 4590 1153 4653 in
1179 4590 1263 4670 prin·
