3192 5325
809 444 811 448 ’
909 485 975 551 ase

357 669 424 734 ’1111
454 669 536 734 haec
559 669 656 734 lectio
680 669 810 735 Codicis
833 666 999 753 8111111111,
1026 669 1199 751 Vaticani,
1223 668 1364 733 aliorum
1391 668 1502 732 multo·
1578 687 1579 692 ¹

363 792 455 857 rum,
488 776 547 839 sed
577 778 659 840 sunt
688 779 859 856 praeterea
890 776 979 841 haud
1005 776 1103 856 pauci
1124 775 1198 839 iibu'
1222 774 1368 855 optimae
1393 776 1501 857 notae,

361 881 420 961 qui
450 879 624 946 ᾰσνςίαν
654 885 920 963 repraesentant.
952 882 1039 947 Utra
1070 881 1235 961 scriptura
1262 881 1400 945 verior?
1423 882 1502 945 Res·

361 986 485 1067 pendet
516 986 801 1053 Tischendorfius:
838 985 1056 1075 ,ὀλιγοσαίαν
1086 987 1231 1052 secundo
1257 988 1347 1051 certe
1371 986 1496 1052 saecrdo

362 1092 537 1171 vulgatum
569 1092 673 1158 fuisso
701 1110 760 1175 pro
790 1095 931 1160 testium
962 1093 1164 1159 auctoritate
1193 1092 1339 1157 dubitari
1367 1092 1501 1172 nequit,

363 1214 424 1263 neo
443 1215 522 1263 vero
541 1198 657 1263 eodem
676 1198 807 1265 saeculo
825 1200 994 1281 posterius
1013 1215 1089 1264 esse
1106 1197 1237 1266 aisaciae
1249 1198 1410 1277 probatur
1420 1198 1501 1262 itala.
1578 1267 1579 1288 q

362 1303 510 1369 Prodire
537 1306 591 1369 est
621 1303 728 1370 dicere
756 1305 942 1371 substituto
965 1304 1162 1382 &strombo
1184 1321 1244 1385 pro
1268 1301 1401 1369 ἀνταίαν
1423 1302 1502 1367 miti-
1578 1297 1579 1366 2

361 1411 476 1488 getam
505 1426 580 1475 esse
603 1411 896 1491 vituperationem.
922 1412 972 1476 At
993 1412 1099 1477 talem
1122 1410 1371 1489 mitigationem
1394 1410 1499 1490 potius
1578 1431 1579 1502 j

361 1532 382 1580 a
404 1515 642 1595 posterioribus
665 1517 914 1596 exspectaveris
936 1517 1093 1596 testibus,
1119 1516 1176 1595 qui
1194 1532 1316 1594 magno
1335 1532 1495 1581 consensu
1578 1511 1579 1562 s

362 1619 492 1686 ἀσνςὶαν
514 1620 684 1687 exhibent.
709 1621 847 1687 Poterat
869 1622 999 1688 ἁσνςίαν
1022 1621 1186 1687 substitui
1208 1624 1343 1702 propter
1367 1638 1499 1702 sequen·

359 1726 426 1807 tia,
458 1726 580 1806 quibus
608 1727 718 1792 omnis
745 1727 828 1797 111111
851 1728 982 1793 excludi
1004 1728 1196 1793 videbatur:
1221 1744 1324 1807 quam
1348 1726 1500 1792 mutatio·
1578 1725 1579 1816 ζ

362 1848 442 1896 nem
471 1832 633 1897 suadebat
663 1833 768 1898 etiam
793 1834 844 1916 13,
870 1833 923 1897 58.
949 1834 1089 1898 Certum
1108 1834 1171 1898 hoc
1193 1835 1265 1914 est,
1289 1832 1371 1898 locis
1394 1833 1497 1897 huius·
1578 1843 1580 1888 ι

357 1936 468 2017 modi,
490 1937 520 2001 si
539 1938 709 2019 rejicimus
724 1940 811 2019 quod
823 1940 859 2003 in
871 1958 1007 2005 summa
1017 1941 1221 2021 antiquitate
1233 1939 1500 2017 vulgatissimum
1578 1951 1579 2028 j

362 2044 541 2124 coniuncta
563 2044 714 2109 codicum
737 2048 874 2125 patmm
895 2047 1120 2127 interpretum
1143 2045 1338 2110 testimonia
1350 2046 1500 2124 probant,
1578 2033 1579 2046 ¹

355 2147 505 2211 nimium
535 2148 639 2212 tribui
669 2150 839 2215 arbitri0”.
865 2151 940 2215 Non
960 2168 1043 2215 sane
1066 2150 1307 2215 intercedimus
1332 2151 1503 2230 quominus
1578 2139 1580 2163 i

356 2253 792 2329 6111111111711111111ν,1161
813 2256 1049 2321 Tischendoriii
1077 2256 1244 2321 rationem
1265 2256 1501 2335 improbamus,

361 2375 440 2435 qum
470 2358 576 2424 editor
605 2360 694 2426 ultra
724 2360 851 2425 irenaei
884 2364 1037 2441 tempora
1059 2361 1259 2426 adscendere
1283 2364 1345 2425 aut
1369 2360 1501 2426 noluerit

359 2465 422 2529 aut
445 2480 512 2527 non
535 2467 700 2547 potuerit;
724 2483 845 2531 rerum
868 2467 899 2531 si
921 2468 1093 2548 quaeritur
1119 2469 1197 2531 utra
1224 2467 1323 2531 lectio
1343 2466 1502 2546 antiquior

361 2568 409 2633 sit
438 2570 612 2649 magisque
644 2572 767 2636 referat
798 2572 905 2653 ipsius
935 2573 1107 2653 scriptoris
1143 2590 1300 2653 manum,
1326 2572 1501 2637 necessario

361 2676 628 2756 respondendum
650 2681 704 2742 est
727 2682 898 2760 praestare
922 2678 1069 2759 οὶσνςίαν,
1096 2697 1175 2743 nam
1198 2696 1342 2758 quorum
1366 2681 1500 2747 11111111
1520 2710 1523 2715 ‚
1578 2738 1579 2759 ,

362 2779 467 2845 κόκκον
498 2783 632 2862 quidem
664 2766 814 2852 σινοὶσεονς
845 2789 983 2867 aequat,
1017 2781 1121 2851 ἄσιςον
1159 2785 1267 2864 magis
1305 2789 1387 2850 suni
1409 2802 1498 2866 quam

361 2885 532 2963 ὄλιγόσνςον
564 2890 600 2952 61
623 2889 756 2954 videtur
779 2890 995 2970 interpolator
1018 2908 1152 2972 parcere
1175 2891 1319 2956 voluisse
1343 2891 1498 2971 discipulis
1578 2966 1579 2969 ¹

360 3009 422 3058 nec
444 2993 625 3058 verisimile
649 2998 702 3058 611
725 3012 783 3074 pro
809 2995 1005 3070 iucyomriav
1024 3013 1186 3075 umquam
1205 2997 1341 3061 rescribi
1361 2998 1499 3084 potuisse

356 3097 501 3167 ὥσοςίαν.
534 3099 693 3180 Sequitur
724 3100 845 3168 Macen.
885 3103 938 3183 19,
964 3103 1024 3166 19:
1050 3101 1131 3175 τίμα
1156 3099 1207 3163 σὸν
1232 3100 1355 3178 πατέρα
1379 3100 1428 3164 καὶ
1449 3099 1497 3172 σὴν
1578 3106 1579 3125 ³

361 3203 491 3281 μητέρα.
513 3205 586 3267 Καὶ
612 3205 849 3281 ἀγαπήσεις
874 3205 939 3269 τὸν
965 3208 1139 3279 πλησίον
1164 3229 1231 3269 σον
1251 3209 1298 3276 ὡς
1323 3204 1495 3269 σεαυτόν.

361 3311 451 3390 Quae
482 3312 585 3375 verba
616 3311 760 3376 diductis
787 3311 894 3377 literis
919 3313 1129 3394 notavimus,
1164 3313 1372 3378 omittuntur
1393 3314 1427 3377 in
1447 3311 1495 3375 Oo-

361 3415 432 3479 dice
461 3415 783 3498 Hierosolymitam,
810 3434 876 3496 quo
908 3417 1039 3498 syriaca
1070 3419 1179 3482 versio
1207 3419 1409 3482 continetur.
1431 3416 1494 3480 Non

253 3573 256 3578 .
359 3522 413 3584 est
456 3519 517 3583 hoc
551 3520 802 3601 negligendum,
839 3539 921 3586 nam
954 3524 1082 3588 accedit
1116 3523 1266 3602 Origenis
1300 3523 1491 3588 auctoritas:

360 3622 516 3702 ποόσσχες
548 3617 613 3699 οὖν,
648 3625 672 3687 εἰ
704 3623 861 3701 δυνάμεθα
893 3627 966 3704 πρὸς
997 3629 1052 3699 τὴν
1082 3626 1279 3704 σοοκενμέννν
1310 3626 1431 3706 ζήσασα
1459 3662 1492 3672 —

355 3725 453 3799 ub'rur
487 3731 686 3802 ἀπαντῆσαν,
717 3727 763 3794 ὅτι
789 3730 910 3807 μήποτε
935 3733 969 3797 ri
993 3734 1172 3810 οὶνασήσενς
1198 3771 1239 3783 -
1263 3734 1411 3809 σεαυτόν,
1435 3732 1493 3794 ὑπο

358 3837 489 3900 νοεῖσθαν
511 3834 639 3898 δύνασαι
660 3837 698 3905 ὥς
723 3837 782 3914 οὐχ
808 3837 866 3900 ὑπὸ
891 3843 944 3902 τοῦ
970 3848 1099 3918 σωτῆρος
1124 3840 1255 3904 ἐνταῦθα
1279 3839 1491 3919 utaperiamus,

356 3938 434 4008 ἀλλ’
457 3943 513 4005 ὑπὸ
539 3942 617 4012 τινὸς
643 3944 697 4014 τὴν
722 3941 885 4020 οὶκρίβεναν
908 3945 952 4020 μὴ
978 3945 1141 4018 νοήσαντος
1165 3945 1491 4024 satrapeam·

360 4049 529 4112 τεθεῖσθαι·
549 4047 763 4126 συναγορεύσω
784 4047 816 4111 δὲ
834 4059 872 4129 τῇ
896 4049 1050 4124 ὑσονοήσεο
1072 4052 1361 4128 fortunatarum
1377 4050 1492 4115 ἐνταῦθα

357 4154 394 4218 1τὸ
417 4153 595 4228 ἀγαπήσεις
620 4157 683 4218 ebe.
710 4155 726 4226 ἧ
748 4161 806 4218 τῶν
827 4155 933 4230 ὁμοίαν
954 4157 1041 4234 παρὰ
1061 4156 1103 4232 τῷ
1124 4153 1243 4233 Μοέρκῳ
1263 4155 1316 4218 καὶ
1337 4157 1378 4234 τῷ
1398 4157 1491 4231 Aaou?

269 4288 270 4292 ¹
361 4255 493 4340 ἕκθεσνς,
524 4253 561 4320 ὧν
593 4257 743 4337 οὐδέτερος
776 4259 966 4338 epotaturus
1004 4268 1074 4330 σαῖς
1099 4260 1238 4330 ἐντολαῖς
1267 4258 1302 4322 rb
1327 4260 1492 4338 ἀγαπήσας

360 4368 423 4430 otc.
461 4365 687 4445 Respondebis
707 4366 862 4430 ¹fortasse
892 4366 973 4430 nihil
1004 4366 1038 4430 id
1068 4366 1208 4442 referre,
1239 4367 1318 4447 quid
1348 4367 1488 4445 Origenes

356 4471 439 4548 olim
462 4471 655 4554 conjecerit:
679 4474 716 4542 at
740 4489 829 4539 nunc
852 4472 928 4539 ride
952 4466 1486 4557 Μ11111.21,15εώσαννοὶσῷνὶῷ
