3192 5325
902 551 965 616 192

352 734 597 816 exspectasset,
618 733 651 798 id
671 750 760 799 nunc
780 734 954 799 deveniret
970 733 1012 799 ad
1024 732 1182 813 singulos.
1209 733 1322 799 Vetus
1334 733 1485 813 persuasio

353 836 488 902 fovebat
518 841 646 904 certam
676 842 776 920 atque
808 839 1034 904 indubitatam
1058 856 1153 921 spem
1178 838 1218 907 de
1241 838 1355 919 populi
1378 830 1485 917 salute,

356 960 445 1008 nova
474 945 643 1025 persuasio
673 945 815 1010 eandem
843 962 937 1025 spem
961 945 1132 1010 tribuebat
1156 944 1309 1023 singulis.
1336 942 1394 1008 llla
1414 959 1486 1023 prae·

357 1047 503 1133 dicabat,
535 1054 707 1116 aeternam
735 1051 886 1116 futuram
909 1068 984 1117 esse
1006 1051 1180 1116 iudaicam
1205 1050 1395 1129 nationem,
1418 1064 1487 1129 quae

356 1155 531 1236 aliquando
567 1158 654 1223 orbis
687 1157 827 1239 imperio
857 1158 1005 1239 potitura
1037 1160 1145 1237 esset;
1179 1156 1260 1221 11000
1291 1155 1487 1237 pollicebatur

355 1261 562 1341 singulorum
586 1264 761 1329 hominum
782 1263 1091 1346 immortalitatem,
1114 1280 1217 1343 quum
1239 1261 1413 1342 aliquando
1431 1278 1488 1341 par·

355 1368 474 1450 ticipes
509 1372 624 1435 essent
657 1370 765 1435 futuri
799 1370 931 1451 imperii
967 1369 1042 1434 Filii
1075 1368 1163 1434 illius
1195 1368 1373 1450 Hominis,
1403 1382 1488 1447 quem

357 1475 578 1553 praedixisset
600 1476 726 1541 Daniel.

401 1581 450 1645 Ut
473 1584 548 1646 rata
571 1581 655 1647 foret
678 1599 718 1647 00
741 1600 834 1664 spes,
861 1582 978 1649 Judaei
1001 1581 1047 1646 illi
1068 1580 1296 1646 Christianam
1316 1579 1490 1659 religionem

355 1687 510 1770 professi,
545 1688 633 1754 idem
664 1688 890 1754 necessarium
922 1705 995 1753 esse
1019 1687 1187 1752 ducebant
1210 1686 1297 1767 quod
1321 1685 1399 1751 olim
1420 1701 1490 1750 com-

358 1793 1028 1861 1001110101(1001010-10001001111101111111
1051 1793 1121 1873 pati
1145 1794 1286 1874 oportet.
1314 1792 1363 1856 cf.
1388 1791 1444 1856 100.
1457 1789 1491 1855 53

357 1898 427 1964 coll.
453 1916 531 1964 cum
555 1900 634 1964 Luc.
661 1901 712 1983 24,
745 1901 787 1965 26
811 1902 847 1964 01
869 1900 946 1964 Act.
975 1900 1027 1980 26,
1054 1899 1106 1963 23.

405 2005 496 2087 Quod
519 2006 561 2071 ad
585 2006 679 2071 Pauli
698 2006 885 2071 doctrinam
904 2006 1038 2088 attinet,
1064 2006 1153 2070 Acta
1170 2004 1409 2085 Apostolorum
1420 2018 1490 2067 sem·

357 2129 416 2193 per
438 2114 473 2175 01
495 2113 618 2193 ubique
641 2112 782 2178 eandem
806 2114 988 2192 imaginem
1011 2112 1189 2193 exhibent,
1214 2111 1271 2177 sed
1296 2110 1362 2175 viri
1380 2107 1491 2174 indoles

357 2216 406 2281 ita
437 2218 635 2299 depingitur,
669 2220 709 2282 ut
738 2218 836 2298 paulo
865 2217 1032 2284 difficilius
1062 2216 1127 2282 alia
1150 2235 1229 2282 cum
1252 2216 1326 2282 01110
1352 2214 1490 2296 qnasiin

359 2340 464 2388 unam
487 2323 630 2402 figuram
653 2322 834 2389 coalescere
856 2323 990 2389 dixeris.

404 2430 528 2509 Quater
558 2429 595 2493 in
627 2430 851 2509 superioribus
883 2430 1117 2510 substitimus,
1155 2432 1195 2494 111
1231 2442 1490 2510 componeremus

359 2535 395 2600 in
417 2554 524 2600 unum
548 2553 632 2616 quae
654 2553 697 2601 ex
720 2536 871 2617 capitum
893 2537 978 2602 serie
1001 2536 1155 2617 deinceps
1174 2535 1400 2600 effeceramus.
1421 2533 1490 2596 Lon-

360 2642 485 2722 giorem
509 2642 600 2708 viam
625 2643 827 2709 necessitate
849 2643 954 2709 coacti
977 2641 1120 2722 ingressi
1141 2659 1279 2724 sumus,
1303 2659 1368 2722 quo
1387 2638 1490 2707 melius

359 2753 549 2831 appareret,
587 2766 687 2830 quarn
720 2752 836 2816 essent
866 2751 998 2816 diversa
1030 2766 1116 2831 quae
1146 2765 1220 2814 sese
1255 2749 1351 2813 nobis
1384 2743 1490 2812 exami-

359 2855 470 2936 nanda
488 2855 700 2920 obtulissent.
725 2856 824 2921 Nunc
843 2859 959 2922 autem
980 2874 1059 2921 cum
1078 2858 1221 2936 quatuor
1232 2854 1490 2920 observationum

361 2962 463 3027 001100
486 2961 685 3042 habeamus,
708 2962 890 3028 videndum
909 2965 963 3028 est
982 2980 1065 3027 num
1085 2979 1143 3026 eas
1162 2961 1225 3026 sub
1247 2958 1490 3039 unoconspectu

360 3085 481 3149 ponere
503 3067 612 3132 liceat.
649 3067 739 3148 Quae
763 3071 880 3134 autem
902 3069 1129 3148 obtinuimus,
1153 3067 1215 3132 hoc
1239 3066 1336 3131 modo
1360 3065 1395 3130 in
1417 3079 1491 3128 snm·
1559 3121 1563 3130 .

359 3174 506 3240 marium
528 3173 735 3253 redegimus:
760 3175 922 3241 nimirum
946 3175 1069 3240 Paulus

430 3281 459 3344 1.
484 3262 636 3346 alacriter
660 3285 821 3362 propagat
845 3281 957 3347 fidem.

430 3387 460 3450 2.
485 3386 730 3466 persecutiones
753 3388 889 3467 fugitat.

430 3493 466 3580 3..
486 3493 573 3556 cedit
595 3493 669 3557 aliis
693 3509 799 3575 neque
821 3494 974 3559 lubenter
997 3497 1114 3559 contra
1136 3492 1268 3558 nititur.

430 3600 460 3664 4.
485 3614 606 3676 magno
629 3598 700 3677 agit
723 3599 860 3681 impete.

431 3703 461 3769 1.
486 3705 591 3769 animi
614 3705 789 3770 affectibus
811 3707 887 3788 plus
909 3706 1030 3771 tribuit
1053 3724 1156 3788 quam
1179 3705 1311 3771 rationi.

435 3813 466 3876 6.
491 3811 603 3877 celeris
627 3811 755 3876 consilii
779 3815 842 3877 est.

432 3922 461 3985 7.
486 3918 626 3983 minime
650 3917 850 3999 conspicuus
873 3921 927 3984 est
949 3936 1082 3984 momm
1104 3917 1272 3984 facilitate.

430 4025 463 4088 8.
486 4025 655 4106 mysticus
679 4027 742 4088 est.

431 4133 462 4195 9.
486 4147 627 4210 magnas
650 4147 703 4195 100
726 4133 841 4196 mente
864 4131 1123 4212 comprehendit.

411 4238 462 4302 10.
486 4240 581 4302 tener
604 4238 658 4300 est
681 4254 787 4318 usque
811 4236 853 4302 ad
877 4238 1013 4304 vitium.

411 4344 464 4407 11.
488 4341 674 4422 intrepidus
697 4345 761 4407 est.

413 4450 464 4514 12.
488 4465 599 4514 coram
626 4449 874 4515 accusatoribus
897 4453 932 4515 et
952 4450 1118 4533 J'udicibus
1142 4448 1255 4541 callide
1279 4450 1392 4532 potins
1414 4438 1489 4510 dissi

491 4543 615 4636 mutat,
640 4571 742 4634 quam
766 4555 934 4622 sincerum
957 4557 1110 4622 animum
1132 4557 1292 4623 ostendit.
1400 4585 1405 4593 ·
