3192 5325
637 550 697 615 191

108 735 187 796 certe
212 733 285 815 jure
316 738 432 799 nostro
462 734 655 815 quaerimus
679 753 722 801 an
746 734 843 800 Pauli
866 735 1055 817 ingenium,
1082 734 1182 800 sicuti
1206 736 1241 799 in

106 838 194 903 Actis
215 840 411 921 depingitur,
437 859 504 906 non
528 859 651 922 magna
670 842 827 907 veritatis
849 843 956 922 specie
977 842 1240 907 commendetur.

151 943 229 1009 Sunt
251 945 336 1010 duae
358 948 655 1028 considerationes,
681 948 821 1013 minime
844 948 1075 1028 negligendae,
1100 962 1241 1028 quarum

105 1049 258 1130 imprimis
281 1052 386 1118 altera
409 1053 498 1118 haud
522 1054 595 1119 leve
618 1057 831 1120 momentum
853 1054 960 1119 affert.

149 1157 290 1224 Primum
313 1158 448 1226 etiamsi
470 1161 646 1225 credamus
670 1160 778 1225 multa
796 1161 905 1226 inesse
929 1161 964 1224 in
984 1160 1082 1225 Actis
1102 1159 1242 1241 Aposto-

103 1259 217 1346 lomm,
249 1282 334 1345 quae
363 1266 465 1331 libere
496 1267 693 1331 confirmata
723 1283 762 1331 ao
797 1266 893 1347 plane
917 1266 1118 1346 11111111,
1145 1270 1241 1332 estne

103 1370 181 1434 satis
208 1371 387 1437 verisimile
416 1372 452 1437 in
482 1390 517 1438 re
542 1376 614 1438 tam
639 1372 734 1451 gravi
759 1371 866 1453 qualis
890 1375 944 1437 est
967 1373 1052 1438 ratio
1075 1372 1164 1438 inter
1188 1389 1240 1439 ve·

102 1476 200 1540 terem
229 1480 264 1540 11
294 1495 421 1543 novam
451 1478 660 1562 religionem,
687 1479 776 1542 inter
801 1495 923 1557 paucos
947 1479 1076 1543 clarum
1099 1479 1239 1559 Aposto-

101 1577 166 1644 lum
196 1585 268 1648 11111
301 1584 432 1649 diverso
466 1585 599 1664 ingenio
632 1584 737 1649 tuisse
769 1587 1078 1668 repraesentatum,
1111 1585 1153 1649 ab
1185 1585 1240 1650 illa

101 1687 196 1752 animi
225 1688 349 1773 indole,
383 1708 487 1771 quam
519 1693 679 1772 perpetuo
710 1690 960 1756 ostentaverit?
994 1690 1119 1754 Deinde
1142 1708 1240 1756 nemo

100 1791 186 1859 111111
209 1796 394 1880 negaverit,
420 1797 496 1862 inde
519 1815 540 1862 a
563 1797 681 1878 primis
705 1796 845 1863 saeculis
870 1796 1097 1862 Christianam
1117 1797 1239 1876 religio-

101 1915 172 1963 nem
194 1901 332 1966 minime
349 1903 453 1968 fuisse
472 1902 642 1968 excultam
660 1902 702 1967 ad
721 1920 874 1968 normam
894 1901 1026 1966 illamm
1045 1903 1240 1984 opinionum

98 2021 178 2085 quae
200 2007 302 2074 Paulo
324 2008 490 2090 imprimis
513 2009 663 2091 propriae
686 2009 791 2075 fuisse
816 2010 1008 2075 creduntur.
1045 2009 1239 2090 Numquam

99 2111 243 2178 videmus
276 2114 357 2196 quid
392 2116 549 2181 effectum
577 2116 680 2180 111111
711 2115 864 2196 Epistula
896 2115 938 2180 ad
970 2114 1117 2180 Galatas.
1152 2116 1239 2180 Tum

98 2215 241 2301 ecclesia,
263 2224 340 2285 tum
359 2221 433 2303 ipsa
448 2239 578 2302 quoque
590 2212 767 2300 Theologia
778 2220 920 2285 Paulum
931 2220 1095 2298 ignorant.
1121 2221 1240 2308 Nonne

98 2321 170 2396 hinc
197 2327 389 2392 concludere
419 2328 497 2394 licet
527 2346 713 2409 numquam
744 2327 848 2392 1111111
872 2327 930 2407 qui
952 2344 1119 2408 nusquam
1142 2344 1239 2408 appa·

98 2431 190 2494 reat?
225 2432 449 2499 credemusne
484 2434 577 2500 Pauli
611 2433 699 2498 illius
733 2433 861 2498 labores
898 2433 970 2497 sine
1001 2432 1066 2497 ullo
1097 2433 1239 2512 vestigio

98 2537 240 2613 potuisse
263 2538 394 2619 perire?

140 2643 213 2709 Jam
234 2661 314 2712 vero
338 2645 367 2710 si
391 2646 486 2712 Pauli
509 2647 637 2727 imago,
658 2664 741 2729 quae
760 2646 796 2711 in
815 2645 1054 2728 Apostolorum
1074 2646 1172 2712 Actis
1184 2664 1237 2711 ex-

96 2748 221 2816 hibetur
242 2769 318 2818 111
348 2756 390 2818 ab
422 2754 711 2820 verisimilitudine
745 2754 889 2836 abludit,
915 2753 1084 2832 egregium
1109 2754 1237 2819 fontem

95 2858 181 2947 nacti
211 2855 347 2941 sumus,
379 2861 467 2925 unde
497 2877 736 2940 cognoscamus
765 2860 936 2940 opiniones
969 2859 1237 2925 Christianorum

95 2978 134 3025 ex
167 2964 315 3046 ludaeis,
352 2984 493 3047 quorum
523 2966 646 3032 Paulus
678 2968 747 3031 dun
776 2969 812 3030 et
836 2968 953 3030 auctor
976 2967 1088 3045 potest
1111 2965 1233 3031 haberi.

94 3067 259 3136 Judaicam
295 3071 486 3151 religionem
521 3073 678 3138 nolebant
710 3087 904 3153 propagare,
940 3069 998 3135 sed
1030 3087 1096 3134 non
1130 3072 1236 3150 magis

93 3175 265 3256 cupiebant
294 3177 423 3244 abolere
430 3200 438 3259 ;
474 3178 599 3244 scilicet
631 3180 812 3245 imbuenda
842 3181 914 3243 erat
938 3176 1064 3241 Christi
1086 3177 1236 3243 doctrina

92 3279 184 3361 idque
213 3284 388 3364 praecipue
419 3285 595 3350 constabat
626 3288 717 3350 certa
741 3302 800 3365 spe
825 3284 864 3347 de
887 3282 1128 3347 resurrectione
1153 3301 1234 3348 mor-

93 3388 240 3469 tuorum,
277 3406 382 3469 quum
417 3390 517 3455 Jesus
552 3390 707 3457 Oluistus
742 3390 814 3471 ipse
849 3389 1061 3455 surrexisset.
1098 3388 1235 3456 Judaica

92 3492 215 3576 religio,
248 3495 306 3560 sed
337 3495 526 3561 Christiana
556 3496 770 3576 persuasione
793 3496 917 3577 tincta,
943 3494 1091 3560 maxime
1116 3493 1236 3561 fuisset

92 3596 286 3665 Sadducaeis
316 3601 468 3682 opposita
498 3604 534 3665 et
564 3602 730 3683 imprimis
753 3618 829 3666 sese
852 3600 1069 3682 applicuisset
1091 3601 1133 3665 ad
1158 3619 1233 3668 eam

92 3704 291 3786 opinionem,
327 3722 411 3787 quae
441 3707 698 3773 Pharisaeorum
728 3707 862 3788 quidem
895 3706 1004 3772 fuerat
1034 3723 1141 3787 neque
1165 3726 1234 3774 um-

91 3824 187 3888 quam
209 3811 298 3892 apud
320 3828 377 3877 eos
400 3812 436 3876 in
459 3813 532 3879 luce
555 3813 666 3878 tuerat
688 3812 815 3893 posita:
841 3828 936 3893 spem
959 3812 1102 3877 dicimus
1126 3831 1233 3880 resur·

90 3917 251 3982 rectionis.
284 3917 352 3982 Sed-
380 3918 536 3999 quoniam
567 3919 649 3983 haec
679 3936 768 3984 nova
798 3918 854 3983 via
883 3934 989 3983 novas
1019 3918 1115 3999 quasi
1146 3921 1236 3988 vires

90 4022 227 4087 addebat
258 4023 364 4088 veteri
394 4024 615 4107 persuasioni,
649 4024 729 4090 adeo
757 4027 797 4088 ut
820 4023 922 4087 unius
946 4023 1057 4104 populi
1080 4024 1234 4093 claustris

90 4142 151 4193 non
181 4129 326 4209 amplius
355 4134 470 4211 posset
497 4130 676 4213 contineri,
703 4131 888 4196 necessario
911 4128 1002 4193 enim
1026 4147 1103 4211 spes
1127 4150 1233 4199 resur·

89 4235 241 4300 rectionis
276 4251 343 4300 non
373 4235 415 4301 ad
446 4253 554 4301 unum
586 4229 745 4318 populum
778 4236 925 4317 pertinet
956 4235 1013 4300 sed
1046 4236 1087 4301 ad
1121 4242 1235 4307 totum

88 4338 272 4405 humanum
289 4357 411 4424 genus,
425 4358 632 4423 consequens
645 4344 718 4407 erat
730 4343 770 4406 ut
782 4340 933 4407 dilatatis
944 4340 1068 4407 finibus
1079 4343 1233 4425 Apostoli

88 4445 186 4511 etiam
210 4445 360 4512 Gentiles
382 4448 676 4529 amplecterentur.
1064 4442 1066 4444 ’

128 4553 201 4619 Hoc
232 4552 329 4619 modo
359 4554 488 4620 factum
516 4555 587 4637 est,
611 4557 652 4619 ut
675 4554 761 4637 quod
784 4554 964 4621 universus
989 4555 1131 4637 populus
1155 4556 1234 4625 olim
