3192 5325
652 556 696 619 39

139 736 196 803 Ad
228 741 369 818 gentiles
395 742 585 806 referuntur
608 758 728 807 versus
752 743 790 823 3;
815 743 853 822 8;
878 744 918 806 9:
941 760 1041 823 quem
1065 742 1175 807 looum
1200 735 1243 804 νί-

97 866 149 918 boc
175 849 342 927 tanquam
365 847 523 925 ἐπίτροπος
548 850 636 930 apud
660 849 803 914 Judaeos
827 851 937 932 16161,
963 849 1051 914 idem
1074 849 1166 914 loeus
1191 850 1245 914 est

98 952 237 1028 τοιχείων
262 957 314 1016 τοῦ
339 953 566 1037 κόσμνυ6ρι111
589 955 744 1038 gentiles
773 955 832 1036 qui
855 972 928 1020 sese
951 956 993 1020 ab
1016 954 1148 1019 illorum
1170 972 1244 1019 auo·

98 1059 235 1123 toritate
268 1059 406 1126 liberare
438 1062 577 1143 debent,
609 1066 649 1126 ut
679 1077 798 1126 verum
826 1060 886 1125 Dei
909 1060 1037 1125 cultum
1060 1060 1243 1126 addiscant.

98 1161 225 1228 Verum
256 1166 357 1232 sicuti
384 1167 502 1232 ludaei
530 1167 571 1232 ad
605 1167 727 1248 legem,
760 1166 809 1231 sie
840 1165 982 1244 gentiles
1013 1167 1180 1231 redierant
1202 1167 1245 1231 ad

97 1286 154 1334 sua
177 1279 314 1348 ςοιχεῑα.

139 1377 213 1442 Hoc
237 1379 383 1444 maxime
406 1379 503 1446 modo
526 1380 620 1456 114,
643 1380 748 1445 1-11
771 1372 884 1445 omnia
903 1382 991 1444 16616
1009 1379 1149 1457 intelligi
1172 1396 1244 1459 pos·

99 1484 194 1566 sunt,
228 1488 407 1565 postquam
437 1486 707 1566 transposuimus
737 1486 878 1551 tertium
908 1502 1046 1551 versum
1069 1487 1150 1549 ante
1173 1501 1243 1550 ver·

100 1604 174 1652 sum
204 1594 370 1654 octavum.
410 1591 656 1659 Tantummodo
686 1593 823 1658 delenda
855 1595 937 1657 sunt
969 1593 1070 1656 verba
1093 1609 1178 1672 quae
1201 1592 1244 1656 16·
1342 1623 1346 1630 ·

98 1697 221 1771 guntur
252 1713 322 1762 vss.
355 1698 393 1778 43
421 1698 457 1779 5,
483 1698 605 1778 quibus
627 1699 719 1763 16616
742 1715 810 1763 161
833 1700 887 1762 661
905 1697 1027 1779 quique
1051 1696 1242 1763 6611011116-

97 1802 225 1867 tianam
253 1821 394 1869 manum
416 1805 563 1886 produnt
585 1821 647 1870 neo
670 1807 760 1870 reote
783 1802 940 1884 explicari
964 1806 1107 1884 possunt
1123 1803 1153 1880 ¹).
1178 1804 1240 1868 Eli-

98 1908 236 1974 minatis
268 1906 322 1991 4¹23
348 1911 386 1992 5;
412 1912 448 1974 6⁸
470 1908 685 1993 (ἐξανέτειλεν
702 1947 735 1956 -
754 1909 804 1976 iel
828 1909 899 1994 οἷον)
922 1913 958 1975 61
980 1925 1059 1974 vero
1081 1909 1242 1975 restituto

99 2014 210 2080 ordine
232 2016 477 2082 obtinebimus:

139 2121 166 2184 1.
198 2121 273 2200 Ἐφ’
296 2117 363 2184 ὅσον
386 2121 491 2201 χρόνον
517 2122 531 2185 ὅ
556 2120 736 2201 κληρονόμος
761 2119 865 2196 νιίτιός
890 2121 972 2198 ἔςιν,
997 2121 1079 2186 οὐδὲν
1103 2119 1241 2200 διαφέρει

99 2223 218 2299 δούλου,
240 2226 338 2306 κύριος
363 2226 487 2292 τοίντιον
510 2230 565 2306 ὤν,
590 2229 678 2293 ἀλλὰ
703 2229 761 2293 ὑπὸ
789 2228 967 2307 ἐπιτρόπους
992 2227 1036 2295 ἐς)
1060 2226 1112 2291 καὶ
1137 2226 1243 2291 οἰκονό-

99 2353 169 2405 μους
193 2329 269 2411 ἄχρι
289 2340 345 2406 τῆς
378 2335 563 2413 προθεσμίας
588 2344 643 2410 τοῖς
666 2340 719 2400 τοῦ
752 2334 866 2414 τατρός
892 2334 975 2419 (1166.
1004 2337 1039 2415 1;
1064 2335 1108 2418 2).
1134 2329 1186 2396 ὅτε
1210 2331 1242 2396 tl

100 2431 167 2507 ἦλόε
201 2439 234 2501 τὸ
272 2439 426 2517 πλήρωμα
457 2445 510 2504 τοῦ
539 2442 647 2520 χρόνον
678 2443 741 2526 (vs.
776 2443 818 2523 4),
853 2438 1035 2514 ἕξασέςειλε
1058 2439 1092 2501 τὸ
1117 2442 1242 2512 πνεῦμα

99 2543 137 2611 εἰς
168 2544 228 2614 τας
259 2545 387 2622 καρδίας
420 2548 500 2619 ὑμῶν
525 2546 632 2627 κροῖζον
657 2547 770 2624 ’Λββοῖ
795 2546 808 2608 ὃ
834 2549 937 2624 πατήρ
957 2547 1021 2630 (vs.
1047 2547 1088 2629 6),
1113 2541 1170 2610 ὥτε
1195 2546 1242 2609 οὔ·

100 2648 161 2711 κε’τι
185 2646 215 2714 εἶ
232 2650 353 2737 δοῦλος,
378 2653 467 2717 aaut
492 2653 552 2723 υἱός
578 2658 640 2740 (VS.
666 2656 709 2736 7),
735 2654 853 2720 deinde
876 2673 925 2719 Vs
955 2654 996 2718 10
1018 2656 1054 2719 61
1080 2652 1131 2717 11.

141 2756 181 2820 Π.
211 2756 293 2820 Ὅτε
326 2756 401 2833 ἦμεν
430 2760 544 2845 νήπιοι,
583 2761 640 2824 ὑπὸ
665 2760 707 2824 τοὶ
731 2768 857 2839 ςοιχεῖα
881 2764 934 2822 τοῦ
959 2757 1073 2834 κόσμου
1097 2753 1171 2833 ἦμεν
1196 2757 1241 2820 δε-

100 2857 288 2936 δουλωμένα·
307 2870 370 2942 (vs.
397 2866 430 2950 3)
453 2867 540 2930 ἀλλὰ
565 2865 636 2930 τότε
659 2866 716 2940 μὲν
738 2865 791 2928 οὐκ
818 2864 928 2935 εἰδότες
953 2864 1015 2927 θεὸν
1040 2862 1241 2927 ἐδουλεύσατε

99 2973 156 3035 τοῖς
178 2971 273 3047 φύσει
298 2971 342 3045 μὴ
365 2968 429 3035 οὖσι
454 2973 548 3042 όεοῖς·
573 2977 622 3035 νῦν
647 2972 678 3036 δὲ
702 2970 826 3047 γνόντες
851 2969 931 3044 όεόν,
956 2972 1079 3045 μᾶλλον
1104 2970 1168 3034 κτέ.

142 3074 324 3157 Postquam
359 3081 582 3159 comperimus
611 3080 700 3145 idem
730 3080 969 3157 argumentum
997 3076 1137 3141 11661611
1167 3093 1238 3157 oap.

101 3180 135 3259 4,
160 3184 266 3247 1-11
289 3183 376 3264 quod
394 3187 579 3251 tractatum
596 3186 706 3251 iberat
725 3202 796 3265 oap.
818 3184 856 3267 3,
878 3184 1016 3263 apparet
1033 3180 1133 3256 τίσιν,
1157 3180 1240 3245 ἐρινν-

100 3284 189 3362 1ερίαν
215 3291 251 3353 61
271 3293 398 3366 πνεῦμα
419 3291 605 3371 significare
625 3286 1241 3371 111116111611.111ι1611συνο1νομα61111

100 3395 253 3460 vocabula
275 3394 355 3471 σάρξ
376 3400 411 3461 61
438 3397 536 3473 νόμος.

141 3499 178 3562 11
204 3502 355 3582 perioope
389 3502 423 3583 b,
457 3521 524 3568 vss.
558 3504 705 3583 21-31,
735 3501 952 3566 continuatur
973 3502 1237 3585 argumentatio,

101 3620 178 3682 quae
205 3606 368 3672 instituta
399 3609 509 3673 1116161
539 3626 608 3688 oap.
635 3609 666 3671 3.
691 3607 766 3671 Non
789 3606 853 3671 fuit
876 3605 964 3681 νόμος
989 3607 1044 3671 oui
1067 3606 1240 3670 Abraham

101 3715 264 3791 aooeptam
299 3714 440 3779 debebat
469 3714 640 3796 justitiam
670 3712 722 3797 (3,
757 3714 809 3795 6);
841 3730 908 3777 non
943 3710 1240 3794 11111σν1ρξ,11166

102 3814 228 3881 dederat
249 3819 405 3884 heredem
429 3820 482 3897 (4,
507 3819 581 3902 23);
606 3819 665 3883 sed
690 3816 874 3892 ἐταννειία
897 3834 997 3881 eausa
1019 3817 1181 3881 extiterat
1204 3819 1240 3881 et

99 3919 241 3998 justitiae
263 3927 300 3990 ot
323 3924 463 4001 heredis.

143 4026 202 4093 Sed
232 4030 388 4095 heredem
423 4030 596 4095 Abraham
628 4032 748 4094 naotus
782 4032 836 4094 est
867 4031 967 4109 partu
994 4034 1050 4101 τῆς
1081 4026 1237 4107 ἐκενόέρας

111 4206 290 4217 ξ...

136 4322 158 4381 1)
173 4324 225 4373 1111
241 4324 405 4373 iudicabamus
422 4340 493 4387 quam
518 4323 579 4371 nihil
596 4322 748 4385 cogitaverit,
771 4322 812 4385 qni
834 4321 929 4385 scripsit
945 4320 1075 4383 γενόμενον
1091 4318 1138 4369 ὑπὸ
1156 4321 1236 4380 νόμον,

107 4404 254 4455 petierimus
271 4405 403 4461 υἱοθεσίαν,
420 4404 460 4454 ubi
478 4405 547 4454 liberi
564 4404 685 4453 naturales
700 4403 870 4467 intelliguntur
879 4402 1022 4466 minimeque
1030 4403 1143 4466 adoptivi.
1163 4402 1236 4450 Deni-

107 4498 147 4545 que
162 4502 193 4535 rs.
211 4488 226 4535 6
243 4484 407 4552 &gaudeam
423 4488 558 4536 desumtum
576 4488 612 4534 ssi
629 4502 658 4534 ex
675 4489 761 4549 quarto
778 4500 848 4533 versu
865 4480 1013 4548 ἐξααέςειλε
1030 4483 1073 4531 τὸν
1089 4480 1235 4537 υίὸναῗιτοϋ,

107 4568 129 4611 ei
143 4582 208 4630 qoam
224 4571 285 4619 mire
301 4570 407 4634 Spiritus
424 4570 508 4619 αι’νκυν
526 4568 625 4629 dieitur,
643 4583 686 4616 neo
703 4568 807 4632 Spiritus
824 4569 920 4615 tontum
936 4566 976 4613 sed
995 4564 1051 4613 Filii
1068 4564 1178 4627 Spiritus.
