3192 5325
898 543 941 610 38

350 732 403 806 (νε
428 728 448 791 4
460 748 468 808 ;
494 726 539 811 5).
564 726 689 793 Deinde
709 727 819 794 mittit
841 728 933 794 Dens
956 728 1114 810 spiritum
1137 727 1210 793 Filii
1224 727 1499 826 euiuuiclamat:
1546 739 1553 756 ¹

349 832 447 898 Abba
468 836 564 914 pater
589 834 652 914 (νε.
677 836 716 916 6;
741 834 786 917 7).

398 939 547 1020 Denique
572 939 675 1005 Filius
698 941 758 1006 Dei
781 943 892 1008 iactus
915 945 969 1007 eet
991 942 1073 1022 legis
1096 960 1216 1008 servus
1238 943 1303 1025 (νε.
1329 943 1361 1020 4)
1376 938 1413 1026 1).

394 1045 542 1126 Scriptor
567 1047 797 1113 demonstrare
830 1052 983 1130 coeperat
1014 1067 1064 1114 νε.
1098 1052 1132 1133 l,
1167 1050 1374 1130 impuberem
1396 1045 1500 1112 homi-

349 1169 427 1217 nem
450 1153 492 1216 ad
516 1152 666 1219 adultam
688 1157 836 1219 aetatem
860 1155 1082 1234 pervenire-
1101 1173 1186 1237 quae
1209 1155 1354 1220 mutatio
1377 1153 1502 1234 pendet

347 1276 391 1323 ex
415 1275 581 1323 annorum
604 1276 744 1325 numero
761 1297 793 1305 -
813 1263 914 1341 atque
937 1259 1025 1326 illinc
1047 1262 1165 1344 efficit,
1191 1279 1242 1327 νε.
1269 1262 1306 1342 7,
1327 1259 1500 1325 hominem

314 1439 317 1442 Α
346 1366 405 1446 qui
429 1381 548 1430 servus
570 1366 651 1449 fuit,
677 1367 876 1447 adoptivum
900 1367 1007 1432 filium
1028 1367 1185 1451 evadere,
1207 1405 1238 1412 -
1257 1384 1341 1448 quae
1354 1365 1500 1430 mutatio

349 1470 488 1534 minime
519 1472 667 1537 indidem
689 1472 821 1553 pendet.
847 1473 935 1537 Hinc
959 1473 1123 1538 delabitur
1146 1474 1187 1538 ad
1212 1471 1416 1550 singularem
1441 1488 1498 1533 nu-

348 1593 497 1657 merum,
523 1577 610 1659 quod
633 1577 757 1641 mirum
780 1595 868 1649 sane¹
885 1581 939 1642 est
961 1581 1039 1660 post
1062 1597 1111 1643 vs.
1134 1582 1172 1661 6,
1195 1579 1252 1644 sed
1272 1577 1499 1657 magisetiam

349 1682 441 1746 subit
473 1683 587 1747 mirari
616 1683 673 1763 qui
703 1701 754 1748 νε.
780 1687 798 1749 7
824 1684 952 1749 dicatur
986 1702 1053 1749 non
1087 1703 1161 1750 esse
1185 1685 1272 1749 filius
1295 1684 1378 1765 quin
1401 1683 1499 1747 heres

349 1787 410 1871 sit,
445 1788 542 1868 quasi
565 1806 615 1853 νε.
644 1789 659 1851 1
686 1806 753 1853 non
777 1791 892 1855 eodem
914 1791 984 1855 loco
1006 1790 1114 1855 habiti
1135 1793 1251 1855 essent
1274 1789 1363 1854 filius
1387 1791 1423 1854 et
1445 1789 1497 1852 he·

348 1911 411 1958 res.
431 1894 608 1978 Praeterea
627 1911 678 1959 νε,
704 1897 816 1959 8-10
839 1897 996 1961 docemur
1019 1913 1079 1961 nos
1102 1913 1170 1960 non
1192 1897 1246 1978 pie
1263 1895 1499 1960 colereverum

349 1999 474 2080 Deum,
500 2000 530 2064 ε1
553 2004 644 2065 certa
667 2003 820 2082 tempora
842 2004 1074 2082 observemuS,
1097 2003 1154 2066 sod
1174 2002 1337 2084 quomodo
1357 2001 1499 2080 scriptor

349 2106 489 2170 adactus
521 2105 586 2170 fuit
617 2109 657 2171 ut
688 2124 804 2172 veram
835 2094 1028 2186 religionem
1052 2110 1125 2172 tam
1148 2106 1382 2172 incredibiliter
1405 2122 1499 2187 oppo-

348 2213 445 2276 neret
468 2211 511 2276 iis
533 2228 618 2293 quae
650 2213 773 2278 Vetere
798 2215 1016 2279 Testamento
1040 2214 1226 2280 constituta
1248 2213 1408 2278 fuerant?

394 2317 459 2381 Hic
482 2317 690 2382 desideratur
709 2320 956 2384 sententiarum
975 2337 1083 2384 nexus
1100 2322 1135 2384 et
1156 2319 1391 2386 contendimus
1406 2315 1500 2382 varia

349 2422 539 2500 fragmenta
569 2423 720 2488 indecore
750 2425 981 2504 conglutinata
1012 2424 1115 2491 fuisse
1147 2443 1187 2490 ea
1218 2425 1363 2505 ratione,
1397 2440 1499 2504 quam

349 2545 451 2608 supra
485 2528 716 2609 epitomatoris
750 2531 916 2610 propriam
951 2530 1055 2595 tuisse
1085 2531 1241 2596 vidimus.
1273 2531 1427 2595 Fuerunt
1456 2529 1497 2593 ab

349 2632 446 2698 initio
467 2632 528 2699 loci
552 2651 635 2716 quos
657 2634 894 2701 indicabimus:
919 2654 958 2727 o,
983 2653 1052 2702 νεε.
1080 2638 1115 2717 1;
1138 2637 1172 2718 2;
1198 2635 1232 2718 b,
1255 2652 1306 2702 νε.
1333 2634 1371 2717 3;
1398 2653 1430 2719 1,
1445 2651 1495 2700 νε.

351 2739 391 2821 43
417 2739 455 2820 5;
481 2740 520 2821 d,
545 2758 614 2805 νεε.
640 2742 678 2822 6;
704 2743 742 2822 7,
767 2760 799 2824 1,
825 2759 894 2807 νεε.
916 2744 954 2823 8;
979 2744 1016 2823 9,
1041 2743 1074 2824 f,
1098 2760 1168 2807 νεε.
1194 2744 1254 2824 10;
1281 2743 1333 2807 11.

395 2845 463 2910 Sex
485 2847 675 2924 fragmenta
698 2845 832 2912 olim'in
851 2865 918 2912 uno
937 2849 1116 2928 eodemque
1135 2850 1217 2914 libro
1236 2849 1323 2913 lecta
1342 2848 1496 2929 fuerunt,

289 2979 292 2988 =
350 2951 385 3015 in
416 2968 481 3031 quo
511 2952 599 3016 idern
631 2953 852 3032 quaerebatur
883 2954 1063 3034 quodcap.
1090 2954 1317 3034 3111111111,
1344 2953 1500 3034 quaesit
1594 2998 1595 3037 3

350 3074 431 3122 vera
461 3057 569 3138 pietas
598 3058 649 3122 vel
669 3059 813 3140 justitia.
846 3059 1033 3139 Separatim
1056 3060 1185 3124 dictum
1208 3059 1274 3124 fuit
1298 3060 1338 3123 de
1360 3056 1498 3124 Judaeis

350 3163 447 3227 etde
474 3163 670 3246 gentilibus,
696 3153 785 3227 unde
810 3166 902 3229 ortae
926 3165 1011 3228 duae
1034 3164 1180 3229 locorum
1204 3164 1324 3245 serice,
1350 3181 1437 3243 quae
1465 3165 1499 3228 in

350 3270 507 3334 hodierno
530 3272 692 3335 contextu
716 3268 964 3333 contaminatae
988 3272 1079 3333 sunt.

396 3375 548 3439 Primum
571 3375 613 3438 ad
637 3374 780 3438 Judaeos
804 3373 990 3454 pertinent:
1015 3391 1084 3439 νεε.
1112 3374 1128 3437 1
1140 3395 1148 3455 ;
1175 3377 1212 3455 23
1238 3376 1291 3455 4⁸,
1316 3374 1437 3458 (usque
1459 3375 1500 3440 ad

351 3479 489 3562 χρόνου);
514 3497 565 3544 νε.
591 3480 612 3542 6
636 3479 724 3556 (inde
743 3479 785 3544 ab
814 3476 1025 3561 &lanienam
1051 3498 1100 3544 νε.
1127 3481 1146 3543 7
1172 3480 1319 3563 (omissis
1344 3499 1498 3563 supervo·

352 3587 464 3652 carreis
494 3585 621 3650 verbis:
653 3584 679 3647 εἰ
711 3582 743 3646 δὲ
775 3583 836 3655 υἱός
864 3620 895 3628 -
923 3584 1017 3665 leot„
1050 3603 1100 3649 vs.
1135 3587 1194 3666 10;
1228 3587 1278 3650 11.
1304 3587 1375 3651 Lex
1399 3604 1500 3669 penes

351 3709 454 3772 quarn
477 3690 584 3755 tutela
607 3690 686 3754 olim
709 3690 790 3771 fuit,
818 3708 878 3755 suo
899 3692 1048 3770 ternpore
1072 3691 1181 3756 locum
1201 3692 1304 3756 cessit
1329 3692 1499 3767 πνεύματι·

353 3798 435 3862 haec
458 3798 512 3860 est
534 3812 636 3861 causa
658 3813 718 3861 cur
740 3796 858 3861 ludaei
877 3797 949 3877 jam
971 3795 1140 3865 Ἰουδαϊκῶς
1161 3796 1302 3875 (1111111
1326 3799 1479 3864 debeant.

390 4070 418 4133 1)
436 4070 491 4117 Hoc
512 4068 589 4117 solum
612 4068 744 4132 significare
760 4070 839 4133 potest
855 4068 918 4131 quod
935 4068 1046 4131 legimur:
1066 4068 1194 4130 γενόμενον
1214 4066 1261 4116 ὑπὸ
1281 4069 1362 4129 νόμον.
1381 4071 1436 4118 Non
1454 4070 1501 4133 sig·

358 4151 452 4200 nificat:
475 4151 546 4199 homo
564 4150 650 4209 factm
668 4151 756 4200 etenim
773 4151 818 4199 hoc
832 4148 882 4213 jem
899 4149 960 4198 inest
976 4150 1001 4198 in
1019 4149 1097 4198 verbis
1114 4150 1243 4211 γενόμενον
1262 4146 1290 4197 ἔκ
1308 4152 1441 4211 γυναικός·
1459 4168 1501 4199 nec

357 4232 433 4296 magio
459 4232 585 4295 significat:
610 4232 715 4280 Judaeue
731 4232 820 4295 factuel,
839 4246 868 4279 ne
885 4230 957 4279 verbu
972 4248 1004 4280 vs.
1026 4233 1052 4281 5:
1072 4230 1111 4279 ἵνα
1128 4230 1188 4288 τοὺς
1206 4228 1253 4279 ὑπὸ
1272 4232 1343 4291 νόμον
1361 4228 1501 4296 ἐξαγοράσῃ

359 4313 500 4372 ostendunt,
526 4313 608 4360 Jeeum
630 4313 693 4361 soloe
709 4313 813 4361 Judoeoe
830 4312 957 4369 recimero
978 4328 1020 4361 1111
1038 4312 1126 4375 magis:
1146 4309 1193 4359 ὑπὸ
1212 4310 1375 4375 παιδαγωγὸν
1394 4315 1431 4362 111
1449 4310 1502 4362 ἔπι-

358 4409 461 4455 τρσπον·
479 4410 550 4458 quam
568 4395 632 4443 euim
649 4394 710 4443 mira
726 4399 798 4457 utque
815 4392 960 4442 incredibilis
977 4393 1109 4442 similitudo
1127 4394 1206 4441 foret?
1222 4410 1265 4441 nec
1280 4394 1356 4457 magis
1366 4392 1502 4443 ὑπὸκατά-

358 4492 413 4537 ραν,
439 4492 486 4524 non
511 4476 575 4525 1111111
602 4477 711 4539 sequitur
738 4476 778 4522 ‘lua
805 4473 850 4530 τὴν
871 4470 1030 4536 ἐπαγγελίαν
1048 4472 1179 4535 Λάβωμεν,
1197 4475 1236 4523 sed
1254 4474 1294 4522 aa
1310 4474 1355 4531 τὴν
1374 4475 1501 4535 υἱοθεσίαν,

358 4559 409 4606 Nec
425 4564 548 4628 practerea
564 4573 609 4606 voe.
627 4557 710 4608 4-11
728 4557 757 4604 de
773 4555 932 4611 exsecratione
949 4571 1025 4604 sermo
1043 4557 1076 4612 lit.
