3192 5325
635 500 696 564 101

100 685 261 765 singularo
279 688 459 753 admodum
478 691 620 755 verbum
631 690 685 753 est
697 689 974 763 πλεονεκτηθῶμεν.
987 690 1067 770 Quis
1079 706 1241 769 umquam

99 792 155 856 tali
177 794 312 861 consilio
336 797 560 862 condonavit?
586 797 683 862 Unde
703 797 842 863 tandem
864 800 945 862 nota
965 796 1006 859 σοὶ
1029 797 1170 871 νοήματα
1189 797 1240 858 τοῦ

101 904 243 984 Σατανᾶ,
267 903 341 967 sive
363 921 436 969 rem
458 905 494 968 in
518 904 715 969 universum
737 903 911 986 respicias
934 904 1004 968 sive
1024 903 1109 969 sorte
1131 904 1240 982 singu·

99 1007 162 1074 lare
184 1011 317 1093 aliquod
339 1012 493 1078 factum?
1055 1008 1057 1012 ⁴

140 1119 207 1185 Nec
228 1122 345 1185 tamen
368 1119 404 1184 hi
426 1136 546 1185 versus
568 1119 728 1185 illustrari
750 1123 894 1200 possunt
918 1137 978 1200 ope
994 1137 1155 1185 versuum
1178 1121 1235 1184 1-

99 1232 132 1308 4,
155 1243 235 1292 nam
258 1227 467 1292 cohaerentia
491 1226 580 1292 defit.
605 1226 691 1292 Vide
715 1228 830 1292 modo:

140 1332 216 1398 Vss.
243 1335 330 1398 ]-4
354 1333 551 1414 intelligitur
574 1332 669 1410 aina,
693 1352 760 1416 qua
771 1335 912 1415 scriptor
922 1335 1045 1400 afficiet
1056 1335 1153 1418 alioS,
1169 1353 1236 1401 ves.

101 1437 201 1506 5—11
226 1440 329 1517 λύπη,
354 1458 421 1522 qua
450 1441 595 1508 afficitur
617 1441 706 1523 ipse,
731 1459 799 1506 uss.
828 1443 914 1506 1-4
938 1442 1075 1507 ecclesia
1097 1458 1240 1524 poenam

100 1549 306 1630 commeruit;
331 1566 400 1614 vss.
434 1548 541 1612 5-11
568 1565 657 1613 unus
680 1551 733 1613 est
756 1549 810 1613 oui
833 1565 939 1630 poena
962 1547 1152 1614 destinatur
1175 1551 1239 1612 ost-

100 1669 157 1732 que
191 1655 328 1720 ecclesia
356 1658 429 1720 tam
459 1655 568 1720 omnis
595 1655 705 1735 probri
726 1671 862 1737 expers,
888 1658 927 1720 ut
947 1656 1025 1735 ipsa
1047 1655 1240 1737 objurgandi

100 1760 199 1826 officio
228 1762 322 1842 fungi
352 1762 488 1842 debeat;
520 1779 589 1826 vss.
617 1763 703 1825 1-4
727 1763 824 1827 novit
847 1763 987 1842 scriptor
1009 1762 1144 1840 dignam
1166 1778 1240 1826 esso

101 1866 263 1934 ecclesiam
296 1886 381 1950 quae
411 1868 638 1950 vituperetur,
671 1868 787 1933 scribit
806 1872 921 1933 autem
944 1885 1013 1933 uss.
1039 1868 1167 1932 5-11:
1191 1863 1240 1930 ἵνα

101 1978 156 2048 κοῶ
246 1975 271 2037 εἰ
295 1974 359 2053 (vel
384 1969 552 2059 οὓὺσήκοοί
573 1973 633 2041 ἕεε.
658 1975 730 2040 Ηοο
754 1976 783 2040 si
807 1975 911 2040 etiam
939 1975 1130 2054 ignorabat,
1152 1974 1240 2038 undo

101 2083 189 2146 norat
206 2099 290 2164 opus
312 2082 382 2147 fore
405 2081 577 2146 fustibus?
598 2082 677 2148 Vss.
704 2082 790 2146 1-4
814 2083 1039 2164 demonstrat,
1064 2098 1165 2162 quam
1177 2081 1240 2146 sibi

101 2187 236 2256 Ecclesia
254 2206 332 2254 cara
355 2189 417 2272 sit,
443 2206 512 2254 uss.
537 2189 645 2255 5-11
670 2189 783 2255 resin
802 2189 909 2254 medio
921 2188 1135 2268 relinquitur,
1150 2187 1237 2252 sitne
1265 2176 1267 2180 ’

102 2295 138 2358 ad
154 2297 404 2362 condonandum
424 2299 543 2378 sponte
567 2299 715 2378 paratus.
736 2296 855 2376 Itaque
882 2295 1097 2376 consequitur
1120 2293 1238 2376 perico-

58 2480 61 2486 .
102 2417 159 2481 pen
180 2420 279 2483 quam
302 2402 444 2469 dicimus
466 2420 525 2484 per
547 2419 584 2468 se
606 2402 712 2467 solam
735 2419 810 2467 esse
834 2402 1059 2482 spectandam.

141 2508 264 2573 Eierine
298 2512 411 2590 potest
440 2513 481 2575 ut
510 2508 616 2574 lateat
644 2510 872 2588 fragmentum
901 2509 1033 2590 aliquod
1063 2527 1082 2574 e
1113 2527 1237 2576 canone

102 2617 233 2693 quodam
266 2617 307 2681 de
338 2615 537 2698 disciplina?
572 2615 736 2682 Novimus
767 2617 858 2682 enim
889 2617 974 2683 tales
998 2615 1237 2697 ecclesiasticos

103 2738 249 2808 canones,
283 2725 404 2805 quibus
434 2741 576 2789 censura
598 2724 702 2789 variis
724 2723 831 2788 modis
855 2741 913 2805 pro
936 2741 1049 2789 rerum
1072 2725 1237 2791 varietate

102 2826 329 2897 intentabatur.
361 2828 536 2913 Eiusmodi
564 2830 842 2911 constitutiones,
876 2831 963 2911 quod
987 2831 1022 2894 in
1046 2831 1237 2897 canonibus

104 2934 291 3015 Apostolicis
325 2942 379 3004 est
412 2939 538 3022 videre,
576 2937 778 3019 incipiebant
813 2938 880 3003 sere
910 2956 931 3002 a
961 2938 1088 3003 verbis:
1120 2936 1161 3001 Ei
1189 2962 1236 3009 τις

104 3041 200 3123 Aequi
221 3046 363 3127 bonique
383 3046 579 3111 consulatur
601 3044 772 3110 restitutio
793 3062 877 3125 quae
900 3044 1064 3126 sequitur:

142 3149 206 3226 (VS.
240 3152 289 3230 bl:
327 3150 368 3215 Ei
396 3174 442 3221 τις
474 3150 649 3223 λελύπηκεν
681 3151 735 3213 oric
766 3149 838 3234 ἐμὲ,
864 3150 914 3213 τὸν
940 3150 1122 3225 ἐπίσκοπον,
1148 3152 1236 3216 ἄλλα

104 3252 211 3329 πάντας
247 3258 330 3333 oasa
369 3259 434 3339 [τὴν
464 3257 662 3336 ε’κκλκσίαν],
693 3256 796 3320 ἱκανὸν
827 3258 870 3336 τῷ
900 3257 1023 3336 τοιούτῳ
1048 3260 1064 3333 ἦ
1090 3258 1234 3337 ἐπιτιμία

105 3357 170 3435 αὕτη
203 3366 257 3448 (de
286 3384 353 3447 qua
379 3367 450 3447 jam
478 3366 590 3431 fuerat
620 3365 748 3430 dictum
775 3366 812 3430 in
844 3366 1010 3446 superiore
1034 3366 1191 3451 canone),
1218 3368 1235 3441 ἡ

105 3465 152 3532 ὑπὸ
183 3478 239 3535 τῶν
270 3470 426 3537 πλειόνων.
464 3471 537 3556 (Vs.
574 3472 695 3555 6-7):
732 3469 773 3534 Ei
803 3493 849 3542 τις
880 3471 1055 3559 λελύπηκεν
1088 3472 1159 3555 ἐμὲ,
1185 3476 1235 3538 τὸν

105 3573 266 3653 ἐπίσκοπον,
306 3578 407 3643 ἱκανὸν
440 3579 482 3658 τῷ
514 3577 637 3657 τοιούτῳ
673 3576 815 3652 ἐπιτιμία
850 3579 865 3650 ἡ
891 3577 947 3641 ὑπὸ
972 3583 1025 3643 τοῦ
1050 3578 1234 3658 ἕποσκύπον,

104 3675 149 3747 ὅτε
170 3685 341 3765 τούναντίον
363 3690 486 3761 μᾶλλον
507 3684 589 3761 ὑμᾶς
610 3684 802 3764 χαρίσασθαι
824 3684 876 3747 καὶ
890 3685 1109 3763 παρακαλέσαι
1123 3684 1234 3763 αύπύν,

105 3788 198 3861 μύσος
220 3802 258 3873 τῇ
284 3790 480 3873 περισσοτέρᾳ
503 3792 589 3872 λύπρ
615 3792 751 3871 [scilicet
769 3795 851 3858 nota
870 3794 1093 3875 poenitentiae
1111 3796 1235 3861 maiore

105 3909 159 3972 qua
185 3900 419 3966 continebatur
442 3899 585 3974 ε’πισιρία
609 3901 684 3963 tum
708 3898 873 3963 Ecclesiae
895 3902 971 3964 tum
993 3900 1157 3982 Episcopi)
1181 3924 1235 3964 κα-

106 4006 207 4084 ταποθῇ
230 4006 243 4069 ὅ
268 4011 410 4077 τοιοῦτος.

144 4110 214 4178 Tale
242 4115 322 4195 quid
353 4114 383 4179 si
413 4131 544 4180 sumere
573 4112 699 4194 licebit,
721 4114 794 4195 jam
817 4130 886 4178 vss.
912 4115 1023 4178 8-10
1047 4132 1114 4179 non
1137 4114 1234 4195 plane

107 4221 192 4283 erunt
212 4221 284 4285 sine
307 4236 409 4285 sensu
433 4221 526 4285 etin
549 4220 651 4285 meris
675 4219 821 4285 tenebris
844 4220 967 4301 aliquid
989 4219 1073 4285 lucis
1096 4220 1234 4301 accipiet

107 4324 231 4390 verbum
249 4330 398 4404 κυρῶσαι,
423 4344 504 4392 nam
527 4326 563 4391 in
586 4324 826 4391 constitutione
849 4326 992 4407 quadam
1009 4326 1049 4390 de
1062 4326 1234 4407 disciplina
1284 4334 1285 4337 ’

107 4425 166 4493 fieri
192 4435 303 4513 potest
333 4434 373 4497 ut
403 4451 493 4499 unus
522 4432 718 4498 confirmare
739 4434 775 4497 et
796 4436 911 4498 ratum
935 4434 1041 4497 facere
1063 4433 1231 4515 debuerit,

108 4536 179 4611 qnod
200 4538 283 4604 alter
303 4539 492 4604 constituit.
528 4538 612 4620 Quid
635 4539 665 4603 si
688 4537 801 4615 οὶκοέπκ
827 4539 978 4604 technico
1002 4556 1104 4605 sensu
1129 4538 1232 4603 indul-
