3192 5325
629 538 693 606 257

108 722 153 787 Ad
181 742 257 789 eum
289 722 416 787 ducunt
447 721 652 801 Scripturae:
688 720 762 785 illae
797 724 880 785 sunt
902 738 987 801 quae
1010 719 1243 786 testimonium

108 830 269 918 perhibent
292 829 332 893 de
355 828 409 893 illo
422 825 459 912 1).

145 932 249 1013 Aegre
273 934 357 999 ferre
376 934 510 999 videtur
533 933 619 1013 quod
644 932 870 998 ministerium
901 936 974 998 tam
997 934 1097 998 breve
1120 935 1174 998 est
1196 933 1242 997 fu·

107 1042 220 1105 turum.
253 1038 386 1119 cogitat
418 1042 566 1122 noctem,
592 1039 724 1120 quando
748 1056 848 1103 nemo
871 1042 984 1118 potest
1006 1040 1143 1119 operari.
1168 1039 1244 1104 Non

108 1162 240 1227 semper,
265 1162 425 1227 praesens
449 1145 502 1210 vel
523 1145 661 1225 absens,
685 1144 759 1225 ipsa
782 1145 910 1209 veritas
929 1147 1001 1209 est:
1021 1145 1089 1209 imo
1112 1162 1244 1229 „quam-

107 1252 158 1315 diu
179 1268 255 1317 sum
278 1252 314 1315 in
337 1251 480 1332 mundo,
506 1250 565 1315 lux
588 1268 665 1317 sum
684 1250 824 1316 mundi”
838 1246 873 1334 2).
894 1255 958 1314 Τοῦ
971 1249 1103 1329 πλήρους
1115 1249 1244 1329 χάριτος

107 1374 266 1439 nusquam
297 1359 351 1421 001
385 1356 597 1421 excellentior
631 1357 740 1435 imago
772 1373 874 1437 quam
904 1356 940 1420 in
974 1356 1132 1437 colloquio
1166 1374 1246 1421 cum

108 1464 235 1528 muliere
270 1464 306 1527 in
339 1462 501 1528 adulterio
536 1462 749 1543 deprehensa.
792 1462 857 1526 Hic
892 1462 1047 1547 Christus
1081 1480 1143 1527 nos
1179 1480 1247 1527 non

108 1571 211 1635 omnia
243 1570 350 1635 facere
377 1568 509 1650 jubebit
540 1585 625 1649 quae
657 1567 789 1633 Scribas
820 1570 855 1631 01
878 1567 1048 1633 Pharisaei
1064 1568 1244 1650 iusserint,

107 1674 138 1739 in
167 1676 268 1741 Musis
299 1674 457 1740 cathedra
483 1673 648 1739 sedentes.
669 1673 829 1737 Severam
851 1673 959 1752 legem
981 1672 1021 1737 de
1043 1673 1246 1740 inconcessis

104 1781 267 1845 amoribus
296 1780 481 1859 mitigabit,
518 1779 680 1844 inhibebit
715 1796 754 1843 ea
775 1779 962 1860 suavitate,
988 1795 1072 1860 quae
1091 1796 1158 1843 non
1181 1778 1247 1843 nisi

103 1887 250 1952 castitati
278 1885 411 1967 propria
441 1888 504 1951 est.
538 1885 721 1949 Adducunt
748 1883 880 1951 Scribas
903 1888 939 1949 et
961 1885 1130 1950 Pharisaei
1154 1884 1248 1949 muli-

102 2009 189 2061 erem
213 1992 249 2056 in
273 1990 434 2057 adulterio
454 1991 711 2073 deprehensam,
732 1993 916 2071 provocant
935 1990 978 2055 ad
995 1990 1155 2055 Mosaicae
1167 1989 1248 2069 legis

103 2098 328 2164 severitatem.
364 2098 415 2162 Tu
445 2114 540 2177 ergo,
575 2096 750 2177 MagIster,
786 2096 864 2177 quid
895 2096 1002 2161 dicis?
1026 2097 1128 2161 Tacet
1151 2097 1249 2161 Jesus

101 2207 144 2269 01,
158 2202 326 2267 inclinans
351 2220 388 2267 se
411 2202 567 2267 deorsum
589 2202 692 2281 digito
715 2202 832 2267 scribit
851 2202 886 2269 in
907 2204 1006 2267 terra.
1026 2202 1248 2268 1001001110-

101 2328 164 2391 que
196 2308 295 2387 erigit
323 2325 359 2374 se
389 2310 425 2372 01
452 2308 550 2374 dicit:
575 2307 638 2387 Qui
660 2307 732 2371 sine
756 2309 891 2388 peecato
914 2310 967 2372 001
991 2309 1161 2390 vestrum,
1187 2308 1249 2387 011-

101 2434 178 2481 mus
208 2416 245 2478 in
276 2414 368 2479 illam
396 2413 540 2495 lapidem
571 2414 697 2477 mittat.
733 2412 846 2477 Parcit
877 2412 1121 2492 spectatoribus
1144 2429 1250 2493 neque

99 2522 171 2603 ipso
197 2520 299 2583 vultu
322 2519 505 2601 prosternit
530 2536 658 2584 omnes.
678 2519 807 2584 lterum
825 2534 862 2582 se
881 2518 1021 2584 inclinat
1033 2521 1068 2583 et
1087 2519 1203 2585 scribit
1215 2519 1251 2582 in

99 2630 201 2693 terra.
218 2634 220 2637 ’
236 2621 422 2690 Silentium.
456 2624 554 2690 Unus
585 2624 675 2690 solus
709 2622 804 2689 audit
828 2623 864 2688 in
886 2624 1075 2704 pectoribus
1098 2627 1252 2691 aestuan-

98 2736 171 2798 tem
195 2730 445 2796 conscientiam.
470 2731 594 2796 Omnes
617 2730 771 2810 deinceps
789 2733 1002 2795 accusatores
1021 2733 1157 2795 exeunt.
1183 2731 1251 2796 Mn-

101 2837 179 2918 lier,
205 2836 264 2900 ubi
287 2838 370 2900 sunt
393 2837 450 2916 qui
469 2838 505 2900 te
524 2836 752 2900 accusabant?
773 2834 1195 2902 Nemotecondemnavit?
1213 2873 1245 2882 -

100 2945 225 3025 Nemo,
260 2941 410 3007 Domine.
437 2978 478 2988 -
503 2941 571 3006 Nec
602 2957 662 3020 ego
694 2943 729 3004 te
752 2941 996 3006 condemnabo:
1019 2942 1104 3006 vade
1127 2943 1253 3023 etjam

100 3049 249 3130 amplius
276 3048 342 3112 noli
366 3065 502 3129 peccare
515 3051 549 3125 8).

145 3156 248 3221 Jesus
274 3156 328 3218 est
350 3154 548 3219 resurrectio
572 3156 608 3218 et
631 3153 721 3218 rita:
746 3153 931 3242 qui-credit
953 3153 989 3218 in
1009 3170 1100 3236 eum,
1120 3154 1254 3220 etiamsi

98 3263 259 3326 mortuus
289 3259 406 3342 fuerit,
440 3256 584 3344 111014).
615 3259 757 3324 Mortem
781 3259 906 3324 subibit
927 3276 985 3339 pro
1008 3262 1107 3338 gente
1130 3262 1165 3325 et
1187 3278 1254 3325 non

100 3367 245 3431 tantum
268 3382 327 3445 pro
350 3366 465 3447 gente,
492 3364 550 3430 sed
569 3367 609 3428 ut
632 3364 717 3428 filios
740 3362 818 3444 Dei,
843 3363 901 3443 qui
925 3365 1007 3428 sunt
1023 3364 1164 3445 dispcrsi
1183 3383 1255 3430 con·

100 3473 220 3550 greget
243 3470 278 3534 in
302 3487 412 3534 unum
424 3471 460 3547 ⁵).
484 3466 669 3552 Symbolice
693 3468 861 3533 indicatur
884 3486 975 3534 mers
995 3487 1095 3550 prope
1113 3471 1254 3536 instans.

100 3575 288 3641 Bethaniae
316 3574 468 3653 Magistri
497 3575 597 3655 pedes
616 3573 730 3638 wnardo
757 3573 877 3652 pistico
908 3575 994 3639 bena
1015 3574 1141 3639 femina
1163 3575 1258 3640 lavat

98 3684 138 3745 et
162 3683 302 3758 unguet.
327 3681 455 3745 Domus
476 3679 635 3760 impletur
658 3696 699 3743 ex
724 3679 821 3743 odore
843 3680 1008 3758 unguenti
1030 3683 1066 3745 et
1088 3681 1145 3761 qui
1168 3681 1256 3746 habi·

99 3789 181 3850 tum
211 3785 243 3849 ei
279 3785 440 3850 honorem
474 3785 684 3866 vituperant,
718 3782 802 3849 nihil
835 3785 977 3848 andiunt
1012 3787 1144 3866 praeter
1177 3786 1256 3850 hoc:

103 3889 214 3955 Sinite
246 3891 356 3972 illam3
385 3908 441 3973 me
462 3907 529 3956 non
556 3907 688 3972 semper
711 3889 895 3971 habebitis,
918 3890 1038 3971 quibus
1061 3891 1172 3956 verbis
1194 3909 1257 3957 res-

103 3996 232 4078 picitur
253 3996 294 4061 ad
319 3997 349 4078 9,
376 3995 446 4079 5⁶).

145 4176 174 4240 1)
192 4173 247 4223 Joh.
267 4175 290 4228 t,
308 4172 349 4220 39.

146 4258 172 4318 2)
191 4253 247 4303 Joh.
266 4253 290 4308 9,
306 4254 323 4299 4
340 4267 373 4314 sq.

146 4340 171 4398 3)
189 4336 245 4385 Joh.
264 4336 287 4390 8,
305 4333 395 4381 2-11.

144 4421 172 4486 4)
192 4418 250 4468 Joh.
270 4417 308 4472 11,
323 4415 362 4463 2⁵.

151 4502 177 4561 t)
194 4499 250 4550 Joh.
270 4498 310 4554 11,
329 4498 359 4544 51
378 4512 412 4560 sq.

150 4583 179 4652 6)
196 4582 252 4632 Joh.
271 4581 317 4640 12,
334 4579 349 4627 8
369 4579 434 4628 (10001
450 4579 476 4627 in
492 4577 571 4627 codice
588 4575 730 4641 0011011110.
