3192 5325
649 568 714 631 213

93 749 192 814 fiant.
228 749 382 814 Notabile
412 752 467 814 est
496 749 583 830 quod
613 749 746 815 additur
775 751 845 816 looo
876 753 933 832 qui
955 751 1111 817 laudatur
1133 769 1151 817 e
1173 754 1248 818 Pro-

93 855 223 919 verbiis
253 872 373 936 nempe
400 856 458 938 26,
488 855 546 936 11;
577 856 777 921 adscribitur
808 856 931 922 soilioeu
956 853 989 928 ῦς
1014 857 1246 933 λουσαμένη

94 961 135 1030 εἰς
158 959 312 1034 κυλισμὸν
335 958 498 1041 βορβόρου,
521 977 601 1026 nem
620 961 656 1024 in
675 960 747 1040 ipso
766 963 938 1042 proverbio
958 980 1026 1028 non
1045 966 1251 1029 memoretur

93 1067 158 1132 nisi
184 1065 265 1130 κύων
290 1066 459 1143 ἐπιτρέψας
484 1062 534 1129 ε’πί
550 1055 594 1129 ’τὸ
618 1063 691 1127 ίδιον
716 1064 863 1144 ἐξέραμα.
885 1068 959 1133 Non
971 1085 1052 1134 Sane
1064 1069 1136 1134 Sine
1148 1085 1250 1135 causa

94 1173 253 1238 additum
281 1175 335 1238 esi
358 1172 438 1238 iliud
467 1170 652 1246 λουσαμένη.
688 1172 814 1238 Contra
835 1173 871 1238 in
893 1173 1046 1254 Epistula
1067 1175 1110 1240 ed
1134 1175 1250 1241 Titum

94 1278 310 1358 praedicatur
341 1279 463 1356 λουτρὸν
487 1278 755 1362 παλιγγενεσίας,
780 1280 867 1359 quod
890 1297 951 1344 nos
973 1281 1089 1345 reddet
1113 1277 1250 1359 κληρονθ·

95 1407 171 1458 μους
199 1383 273 1447 κατ’
287 1383 401 1448 ε’λπίδα
422 1383 498 1463 ζωῆς
523 1384 652 1450 αίυνίου.
676 1386 778 1451 Redit
801 1387 918 1451 eadem
941 1387 982 1450 lis
1006 1386 1042 1450 in
1066 1388 1249 1467 11111113,θο-

95 1491 223 1555 hannis
254 1491 408 1572 epistula.
449 1491 578 1572 Nempe
607 1491 791 1557 seeundum
826 1494 861 1574 1,
883 1493 904 1556 8
926 1496 1097 1575 ,πλανῶμεν
1120 1493 1246 1566 ἑαυτοὺς

98 1594 153 1658 ε’ἁυ
172 1592 312 1671 είπωμευ
335 1591 380 1660 ἁτι
408 1595 568 1673 ἁμαρτίαν
591 1597 643 1660 οῦκ
667 1594 781 1674 ἔχομεν
806 1593 864 1675 (ὅτι
889 1596 1012 1675 καθαροί
1038 1593 1099 1661 θλοι
1124 1598 1246 1684 ἐσμέν),

96 1703 154 1767 ubi
174 1703 308 1783 puritas
328 1705 402 1769 tota
424 1703 545 1784 pendeo
568 1720 611 1767 ex
634 1704 764 1784 propria
786 1705 901 1768 menie
924 1706 960 1768 ei
979 1704 1070 1769 vitae
1088 1705 1249 1770 instituio

98 1807 138 1871 cf.
173 1809 211 1888 2,
246 1810 284 1872 9;
316 1807 329 1870 θ
361 1807 412 1870 τὸν
442 1807 580 1886 ἁδελφθν
611 1813 708 1883 μισῶν
738 1810 767 1871 ἐν
797 1817 836 1889 τῇ
867 1807 976 1890 οκοτίρο
1004 1807 1066 1875 isio
1089 1805 1142 1880 ἕως
1167 1808 1245 1888 ἁρτι.

97 1912 197 1978 Sisne
229 1912 259 1975 ἐν
281 1922 320 1993 τη
345 1914 453 1996 σκσσίμ
476 1931 536 1979 neo
560 1932 619 1998 ne,
645 1915 776 1979 diverso
799 1915 896 1980 modo
919 1914 1119 1997 dijudicatur
1143 1917 1179 1997 2,
1206 1917 1249 1980 20

99 2036 168 2098 sqq.
196 2020 254 2083 ubi
288 2020 449 2085 tribuitur
482 2020 605 2098 χρίσμα
634 2020 711 2083 ἁπδ
748 2023 814 2082 τοῦ
840 2019 972 2094 ἁγίου.
1010 2019 1131 2093 ferisne
1156 2019 1248 2086 esti

98 2123 278 2201 ἀρνούμενος
311 2121 356 2188 ὅτι
388 2130 503 2197 Ἰησοῦς
536 2124 598 2192 ἔςιν
622 2126 635 2189 ἁ
659 2123 783 2205 χριςίς,
809 2127 867 2192 sed
891 2125 905 2187 θ
929 2124 1087 2200 θμολογῶυ
1110 2125 1161 2188 τὸν
1188 2124 1249 2196 υίδν

99 2228 150 2292 καί
186 2231 238 2294 τίν
271 2230 393 2307 πατέρα
424 2229 501 2310 ἔχει.
535 2234 607 2298 Hoc
629 2230 753 2312 χρίσμα
762 2278 771 2306 ,
796 2233 981 2297 secundum
1003 2249 1055 2297 VS·
1082 2233 1139 2315 27,
1165 2232 1248 2308 μένει

100 2336 128 2398 εἰ
158 2336 250 2414 ὑμῖν·
274 2339 393 2414 deinde
414 2339 512 2403 aliter
540 2341 642 2419 atque
675 2342 710 2422 1,
743 2340 764 2403 8
788 2338 945 2403 doeemur
968 2339 1003 2418 3,
1029 2339 1067 2402 6:
1093 2341 1156 2409 πῑισ
1181 2339 1194 2402 θ
1218 2339 1249 2402 ἐν

100 2442 187 2521 αὐτῷ
218 2443 314 2517 μένων
345 2444 405 2521 οὐχ
437 2442 610 2520 ἁμαρτὰνει
640 2445 676 2507 ei
706 2462 737 2508 V.
771 2445 809 2508 9:
843 2446 907 2512 ποῦς
932 2442 945 2504 ὁ
969 2442 1191 2520 γεγεννημένος
1215 2443 1248 2507 ἒιι

99 2552 152 2611 τοῦ
186 2549 253 2612 θεοῦ
286 2548 445 2627 ἁμαρτίαν
469 2551 502 2614 οῦ
527 2557 669 2612 ποιεῖ...
696 2548 749 2612 καί
773 2549 806 2611 οὐ
830 2546 959 2612 δύναται
984 2548 1183 2627 ἁμαρτοίνειν.
1214 2550 1249 2615 Si

100 2655 175 2735 quis
204 2659 341 2721 accusat
364 2673 400 2721 se
423 2656 535 2737 ipsum
558 2655 612 2721 vel
634 2656 675 2721 de
699 2654 808 2721 salute
831 2654 1001 2737 desperet:
1037 2654 1091 2719 ἐὰν
1114 2678 1249 2733 καταγι-

100 2760 198 2841 νιθσκη
222 2762 307 2835 ἡμῶν
331 2764 348 2834 οἱ
370 2760 499 2840 καρδία,
523 2757 633 2839 μείζων
657 2761 720 2828 ε’ςίν
744 2760 757 2823 θ
782 2758 844 2828 θεὸς
869 2767 923 2833 τῆς
949 2760 1075 2838 καρδίας
1100 2761 1248 2836 ἡμῶνκαὶ

100 2868 243 2941 γινώσκει
276 2866 394 2931 πὰντα.
426 2868 507 2942 Hie,
532 2867 584 2932 uii
606 2871 642 2933 ei
666 2869 759 2933 Rom.
789 2868 848 2943 10,
874 2871 894 2931 9
919 2866 952 2931 id
975 2868 1147 2947 quaeritur
1169 2869 1248 2950 quid

101 2976 253 3054 tempore
277 2974 438 3055 baptismi
460 2973 600 3053 professi
623 2973 803 3038 fuerimus:
836 2975 898 3035 πᾶν
922 2975 1047 3047 πνεῦμα
1068 2963 1081 3033 θ
1102 2972 1254 3049 ὁμολογεῖ

102 3079 220 3150 Ἰησοῦν
246 3078 352 3158 χριτὸν
378 3079 408 3142 θν
431 3077 521 3155 σαρκί
545 3078 717 3150 ἐληλυθότα
742 3079 775 3141 ἐκ
801 3081 853 3141 τοῦ
879 3079 943 3142 θεοῦ
968 3078 1046 3163 ε’τίν,
1073 3080 1108 3162 4,
1135 3082 1170 3143 2;
1195 3081 1249 3144 hio

101 3185 134 3248 in
158 3185 364 3266 professione
387 3185 463 3249 fidei
486 3185 599 3249 omnia
621 3186 756 3268 insunt,
782 3185 844 3250 hoo
867 3186 958 3250 enim
978 3185 1075 3251 modo
1098 3186 1249 3250 membra

100 3291 277 3357 evadimus
297 3294 349 3353 τοῦ
370 3290 461 3365 ἁγίου
481 3291 623 3366 σώματος
644 3294 679 3357 ei
703 3289 941 3366 ουνθαπτίμεθα
964 3290 1066 3367 αὐτῷ,
1092 3291 1187 3356 Rom.
1208 3291 1247 3367 6,

101 3399 130 3461 4.
163 3398 300 3477 Itaque:
333 3387 363 3464 ὃς
396 3394 434 3459 ἁυ
466 3397 642 3474 θμολογηοη
665 3392 710 3461 ὅτι
734 3399 850 3470 Ἰησοῦς
875 3395 937 3462 ἐςίν
963 3394 976 3456 ὁ
1001 3394 1062 3465 vibo
1087 3398 1140 3457 τοῦ
1164 3398 1247 3476 θεοῦ,

102 3504 114 3566 ὅ
146 3502 211 3573 θεὸς
243 3503 273 3565 ἐν
297 3503 381 3581 αὐτῷ
405 3503 490 3578 μένει
514 3502 566 3565 καί
592 3502 685 3572 αὐτὸς
709 3502 740 3565 ἕν
763 3504 810 3580 τῷ·
831 3504 902 3579 θεῷ,
927 3502 966 3577 4,
993 3500 1044 3566 15.
1065 3502 1104 3565 ΙΙ]
1127 3501 1196 3567 1)θο
1220 3502 1249 3567 Si

101 3625 296 3690 manemus,
330 3625 509 3673 manemus
543 3609 579 3672 in
612 3608 752 3673 caritate
784 3614 845 3685 (vs.
880 3609 932 3684 16)
947 3604 991 3691 ¹),
1025 3608 1087 3671 sub
1110 3607 1248 3688 imperio

101 3714 324 3779 immutabiiis
355 3714 522 3779 caereus:
547 3711 647 3791 Φόβος
673 3715 725 3776 οῦν
750 3710 813 3780 ἔτιν
838 3713 867 3775 ἓν
890 3707 929 3792 τῇ
952 3708 1066 3791 ἁγὰπη
1090 3714 1246 3793 (vs-18);

101 3821 215 3901 itaque
238 3837 281 3884 ne
306 3820 368 3885 hoo
391 3820 525 3901 quidem
548 3821 711 3885 timemus
736 3837 778 3883 ue
802 3819 978 3899 aliquando
1001 3819 1043 3883 ab
1066 3818 1174 3895 graue
1197 3818 1248 3882 de-

102 3928 302 3991 sciscamus:
328 3926 440 3990 nulfus
464 3926 599 3990 omnino
622 3927 723 3990 timor
745 3925 857 4007 adesi,
883 3942 964 3989 nam
988 3924 1001 3986 ὁ
1022 3920 1101 4000 ἔχων
1123 3920 1172 3984 τὸν
1186 3922 1247 3985 υἱὸν

102 4030 167 4110 ἔχει
194 4040 249 4104 σοι
273 4030 349 4111 ζωηι
372 4034 407 4096 ei
429 4032 554 4110 relegat
573 4036 648 4112 quis
670 4031 824 4097 laudatos
846 4048 983 4110 versus,
1008 4033 1049 4094 ui
1067 4029 1249 4109 comperies

102 4140 266 4218 quomodo
297 4138 469 4220 Rodanum,
503 4137 617 4201 eodem
649 4137 745 4201 modo
769 4152 834 4216 quo
859 4135 893 4198 in
917 4133 1096 4214 Evangelio
1119 4134 1248 4200 facium

103 4247 170 4327 esi,
203 4242 310 4308 veluti
344 4240 403 4322 15,
437 4243 541 4324 2-6,
567 4242 621 4307 hio
643 4257 772 4322 quoque
794 4256 878 4320 quae
902 4239 1125 4321 philosophice
1148 4256 1247 4305 enun-

103 4348 190 4413 ciata
213 4347 365 4424 fuerant,
389 4346 496 4411 diluat
518 4349 554 4412 ei
575 4347 617 4412 sd
639 4346 732 4426 vulgi
754 4347 892 4425 capium
916 4344 1053 4423 redigat.

139 4584 166 4649 1)
184 4582 332 4646 Signiiieetio
349 4580 494 4640 illustretur,
512 4581 546 4630 sie
560 4581 693 4645 opinemur,
709 4579 765 4628 Joh.
784 4580 824 4638 15,
840 4579 854 4626 9
868 4580 893 4627 ei
907 4578 946 4636 10,
962 4580 1063 4641 utroque
1076 4578 1244 4629 versuinfine.
