3192 5325
662 531 704 600 41

99 721 190 803 saci,
214 719 269 783 vicl
286 727 341 792 τῆς
361 717 543 802 παιδίσκης,
557 718 614 800 qui
625 735 701 784 eam
712 719 869 783 teneant:
882 719 998 782 tamen
1010 718 1064 782 est
1075 718 1255 798 manetque

96 846 180 894 vere
206 826 349 904 ἐλευθέρα
372 831 408 893 et
431 827 489 909 qui
511 827 679 908 periturae
701 824 766 904 legi
789 823 912 889 addicti
936 825 1019 890 sunt
1042 823 1084 892 εἰς
1118 821 1256 887 locarier

97 933 316 1011 γεγένκκνταο.
397 957 409 966 ’

66 1074 68 1077 -
143 1043 256 1108 Juxta
279 1043 360 1107 haec
383 1058 468 1123 quae
485 1043 661 1122 poetarum
680 1039 749 1105 ritu
769 1037 943 1118 magnifice
957 1037 1144 1103 'enunciata
1156 1039 1255 1120 sunt,

98 1147 304 1227 glossemata
334 1148 369 1212 in
400 1147 512 1212 oculos
548 1147 743 1226 incurrunt,
781 1161 865 1226 quae
895 1145 1003 1225 primo
1032 1137 1152 1208 obtutu
1180 1160 1256 1223 pue·
1342 1139 1345 1143 ’

98 1255 173 1319 iilia
206 1257 305 1334 sunt,
337 1253 394 1319 sed
429 1271 588 1336 quorum,
614 1253 793 1317 dummodo
817 1252 965 1333 excipias
990 1247 1049 1314 241)
1071 1252 1107 1316 et
1131 1251 1189 1316 252
1211 1249 1255 1315 di·

98 1378 202 1427 versa
237 1363 291 1426 est
321 1359 416 1426 ratio.
448 1359 574 1424 Paulus
603 1359 802 1440 Episcopus,
840 1375 945 1439 quum
968 1358 1101 1424 aliunde
1124 1360 1256 1423 mutua·

98 1469 202 1531 hatur
235 1467 422 1550 pericopen,
461 1466 497 1529 in
525 1482 592 1546 qua
615 1464 821 1546 pneumatici
851 1463 1084 1545 Hierosolyma
1119 1463 1256 1530 celebra·

97 1575 200 1655 bant,
237 1590 378 1653 quorum
412 1589 550 1637 causam
574 1572 721 1636 nondum
745 1571 979 1651 deseruerant,
1004 1571 1057 1634 uti
1080 1587 1145 1634 non
1168 1572 1256 1650 pote-

98 1682 153 1744 rat
176 1697 249 1744 vss.
277 1679 472 1769 21-3100
496 1689 598 1742 sensu
633 1695 698 1758 quo
721 1677 879 1758 primitus
904 1675 1083 1757 conscripti
1112 1676 1255 1741 fueraut.

100 1782 164 1850 Sed
190 1786 300 1866 captis
325 1784 580 1866 Hierosolymis
605 1784 690 1848 oculi
710 1767 847 1848 sursum
858 1781 1097 1847 attollebantur
1109 1783 1145 1846 et
1155 1783 1254 1864 urhS,

100 1909 187 1972 quae
218 1893 290 1974 jam
322 1891 458 1973 penitus
488 1889 656 1955 interiisse
679 1888 873 1964 videbatur,
898 1888 999 1953 debat
1025 1889 1042 1961 ἡ
1066 1883 1127 1948 ἄνω
1151 1889 1256 1964 Ἰερου-

99 1999 213 2071 σαλήμ
241 1998 432 2079 addiditque
454 1997 595 2061 verbum
620 1993 682 2062 ἕςίκ
705 1997 783 2076 post
808 1992 959 2070 ἐλευθέρα.
993 1994 1085 2074 Quod
1107 1992 1256 2074 respicie-

99 2105 203 2168 batur
227 2104 295 2168 dee.
317 2103 377 2184 54,
404 2105 439 2185 1,
464 2102 497 2167 id
521 2101 760 2184 impedimento
783 2118 858 2166 esse
881 2118 947 2166 non
971 2103 1117 2183 poterat,
1139 2100 1256 2173 nami

98 2210 309 2286 Ἰερουσαλὴμ
342 2209 535 2284 ἐπουράνιος,
571 2209 587 2281 ἡ
620 2207 707 2276 καινὴ
738 2205 941 2283 Ἰερουσαλὴμ
968 2206 1081 2289 (Hebr.
1109 2205 1168 2288 12,
1196 2205 1256 2285 22;

100 2315 241 2396 Apocal.
275 2316 334 2395 21,
363 2315 396 2398 2)
420 2332 488 2380 non
512 2316 672 2395 perpetuo
696 2313 733 2377 iu
755 2314 844 2378 coelo
868 2329 1066 2378 remansura
1077 2314 1158 2378 erat.
1181 2313 1259 2377 Jam
1376 2330 1381 2390 j

102 2420 241 2486 videbat
274 2419 530 2495 καταβαίνουσαν
544 2469 551 2485 .
567 2465 574 2481 .
589 2465 620 2481 ..
645 2421 684 2491 ὡς
705 2417 830 2497 νύμφαν
854 2417 1083 2494 κεκοσμημένην
1106 2417 1149 2494 τῷ
1174 2416 1255 2496 ἀνδρὶ

103 2525 202 2597 αὐτῆς
240 2529 276 2590 et
307 2527 433 2591 mentis
463 2526 533 2591 acic
563 2525 716 2590 intuetur
744 2523 977 2607 Hierosolyma
1001 2523 1154 2617 coelestia
1177 2526 1254 2589 tan-

102 2651 208 2714 quam
238 2633 419 2700 Ecclesiam
450 2633 592 2714 Christi,
626 2635 772 2698 matrem
804 2630 979 2714 aliquando
1002 2632 1187 2697 multorum
1210 2631 1285 2695 iu.

100 2741 227 2804 turam.
248 2740 350 2805 Paulo
373 2741 534 2820 Episcopo
559 2756 675 2804 revera
697 2738 851 2817 allegoria
863 2738 979 2803 adesse
992 2738 1182 2821 videbatur,
1196 2754 1258 2803 nec

102 2845 235 2911 lesaias
269 2846 328 2927 54,
364 2849 379 2910 1
413 2845 620 2911 vaticinatus
651 2846 763 2909 irrorat
793 2845 851 2909 sed
892 2861 951 2925 per
984 2844 1148 2924 imagines
1185 2848 1258 2911 erat

103 2951 240 3016 locutus
254 2947 285 3029 ¹).

147 3058 262 3123 Verba
293 3053 412 3132 ἔκβαλε
440 3058 495 3131 τὴν
520 3055 684 3129 παιδίσκην
710 3055 762 3119 καὶ
787 3054 839 3119 τὸν
863 3053 925 3119 υἱόν
950 3056 1000 3137 (4,
1027 3058 1081 3135 30)
1105 3057 1259 3123 animum

105 3164 289 3243 superbum
318 3165 464 3244 produnt
497 3163 615 3228 Judaei
647 3163 851 3243 pneumatici
881 3166 917 3230 et
948 3162 1075 3228 nemini
1097 3162 1257 3230 cedentis.

105 3269 259 3334 Eundem
278 3268 555 3349 deprehendimus
573 3270 608 3334 in
632 3272 786 3335 extrema
797 3269 958 3349 epistula,
972 3268 1047 3333 inde
1059 3268 1100 3333 ab
1114 3266 1148 3353 5,
1167 3270 1207 3333 16
1221 3266 1257 3351 2).

92 3429 94 3433 .
150 3375 231 3455 Cap.
258 3374 292 3458 5,
321 3376 446 3458 16-6,
477 3377 517 3440 18
541 3393 627 3456 quae
649 3374 823 3457 leguntur,
846 3393 954 3458 neque
976 3376 1066 3441 inter
1087 3393 1122 3441 se
1147 3377 1258 3441 cohae-

106 3483 202 3562 rent,
237 3497 344 3561 ncque
376 3481 567 3546 referuntur
599 3482 642 3546 ad
673 3481 706 3545 id
738 3481 824 3562 quod
847 3484 950 3563 caput
972 3484 1027 3547 est
1050 3482 1085 3546 in
1108 3481 1259 3564 partibus

107 3584 306 3665 dogmaticis
329 3587 432 3668 huJ'us
455 3586 627 3666 epistulae.

151 3691 342 3757 Verborum
373 3696 498 3766 πνεῦμα
529 3695 565 3757 et
599 3689 677 3766 σάρξ
706 3694 830 3774 duplex
861 3696 915 3759 est
938 3693 1150 3775 significatio,
1176 3695 1258 3760 adeo

106 3799 146 3861 ut
167 3813 239 3861 ves.
265 3797 396 3862 16-19
421 3816 439 3863 e
462 3798 595 3877 regione
618 3798 682 3864 sibi
704 3799 850 3865 invicem
874 3802 1100 3881 opponantur,
1127 3799 1185 3864 sed
1205 3816 1257 3865 vs

108 3903 149 3967 23
173 3920 196 3967 a
226 3903 406 3968 severitate
437 3904 732 3971 demonstrationis
761 3905 885 3986 aliquid
913 3906 1108 3971 remittitur.
1133 3904 1258 3970 Deinde

109 4007 271 4087 quomodo
296 4008 330 4090 5,
357 4010 399 4074 22
424 4009 507 4079 ricc
527 4012 690 4077 recenseri
712 4014 826 4092 potest
848 4011 938 4077 inter
962 4011 1092 4076 fructus
1119 4010 1258 4084 πνεύμα-

145 4227 172 4286 1)
197 4227 310 4276 Decurrit
332 4226 442 4292 pericope
461 4244 535 4291 usque
558 4228 587 4275 ad
604 4243 702 4277 versum
719 4229 758 4277 80.
778 4229 820 4277 Vs.
839 4230 885 4277 3la
902 4228 1039 4293 languidam
1055 4228 1202 4292 agnoscimus
1220 4245 1256 4278 re-

114 4309 263 4371 petitionem
284 4324 316 4357 vs.
336 4308 383 4357 elb
400 4309 551 4357 Christianus
568 4309 665 4372 quidam
682 4309 848 4374 amplificavit,
867 4325 942 4373 neque
959 4314 1070 4359 accurate
1087 4310 1192 4374 intelligi
1205 4326 1257 4375 pos·

113 4394 167 4438 suut
188 4390 271 4439 verbu:
299 4393 330 4453 τῇ
347 4418 381 4427 -
398 4388 568 4452 ἠλευθέρωσεν,
591 4407 648 4441 nam
672 4391 790 4441 libertatis
812 4392 857 4441 filii
877 4392 928 4458 jam
955 4393 1097 4461 emancipati
1122 4397 1184 4443 suut.
1209 4394 1257 4443 Hic

114 4487 204 4536 quoque
222 4472 343 4535 sequimur
361 4472 504 4522 Vaticanum
523 4473 641 4523 Godicem.
1167 4485 1169 4489 '

147 4554 176 4621 2)
192 4555 303 4611 Dicemus
321 4554 386 4611 inira
402 4556 431 4604 de
446 4557 477 4616 4,
495 4556 594 4612 12-20
610 4558 635 4605 at
653 4557 680 4622 t,
702 4557 791 4610 1-1s.
