3192 5325
717 531 760 596 13

151 717 322 797 persederi
345 717 507 797 potuerit,
535 733 642 796 neque
667 732 804 780 neeesse
828 716 894 780 fuit
918 713 1038 791 ενρίξεε
1059 716 1172 780 fideles
1192 717 1250 797 qui
1274 718 1308 781 in

153 823 222 888 fide
256 822 396 887 fideliler
430 823 648 902 perstabant,
684 841 735 886 νε.
761 823 781 886 6
806 825 841 886 et
865 823 895 886 7.
921 822 990 886 Neo
1016 822 1120 888 facilis
1143 824 1309 888 transitus

155 933 212 994 est
236 947 256 992 a
278 946 330 994 vs.
357 931 377 993 4
400 930 443 994 ad
463 947 514 994 νε.
537 929 566 1008 5,
592 929 627 993 in
653 947 718 1009 quo
742 930 928 994 resumitur
951 930 1037 1010 quod
1062 929 1311 996 diotumfuerat
1417 929 1420 936 ’

155 1054 210 1101 νε.
237 1035 359 1117 primo,
386 1036 441 1100 sed
468 1035 553 1100 satis
576 1035 784 1101 incommode
808 1036 1047 1116 interpositum
1070 1039 1125 1100 est
1148 1035 1197 1098 διὰ
1212 1040 1310 1102 τοῦτο.

206 1142 266 1206 Vs.
291 1143 312 1204 8
335 1141 476 1220 intelligi
509 1143 624 1222 nequit
646 1145 722 1206 tum
745 1145 880 1223 propter
903 1142 981 1208 illud
1006 1147 1055 1204 νῦν
1080 1141 1178 1220 ζῶμεν
1202 1142 1312 1225 (estne

157 1249 303 1313 fortasse
327 1248 504 1326 legendum
528 1246 734 1327 ἑνεζῶμενῖ),
749 1251 825 1313 tum
849 1252 983 1345 propter
994 1249 1144 1315 additam
1158 1251 1312 1316 conditio-

158 1372 255 1420 nem:
282 1354 348 1418 ἐὰν
373 1354 460 1429 ὑμεῖς
484 1354 599 1427 adanu
624 1354 654 1416 ἐν
678 1354 782 1431 κυρίῳ,
808 1372 888 1420 nam
912 1373 1018 1437 nuper
1041 1356 1183 1438 scriptor
1203 1357 1244 1421 de
1264 1373 1312 1421 ec-

159 1461 261 1554 elesia
283 1479 345 1526 sua
368 1461 542 1526 carissima
563 1463 690 1542 optima
712 1478 861 1542 quaeque
886 1462 1037 1526 audierat
1062 1461 1312 1545 (παρεκλήθημεν

159 1567 213 1632 διὰ
249 1573 303 1639 τῆς
340 1567 422 1641 ὑμῶν
448 1568 558 1635 τίσεως
582 1586 634 1633 νε.
661 1569 702 1644 7).
740 1570 798 1633 Vs.
826 1571 846 1632 8
872 1567 1014 1633 sortasse
1037 1568 1216 1634 redactoris
1240 1573 1311 1648 est,

158 1676 219 1756 qui
249 1674 392 1739 inseruit
428 1692 492 1755 quo
524 1673 644 1739 melius
674 1677 829 1739 tueretur
860 1690 945 1754 quae
978 1673 1095 1740 itidem
1124 1674 1315 1740 inseruerat

161 1777 293 1848 ab-er.
327 1782 441 1861 Atque
471 1782 559 1846 idem
585 1781 696 1845 valere
720 1780 817 1846 nobis
839 1780 975 1844 videtur
998 1780 1039 1844 de
1064 1797 1116 1844 νε.
1144 1782 1194 1844 10.
1220 1781 1315 1845 ouius

159 1889 306 1967 insignis
330 1887 541 1966 exaggeratio
563 1887 705 1952 incurrit
728 1887 763 1951 in
788 1887 910 1952 oeulos,

208 1994 453 2076 Praejudioium
487 1996 540 2058 est
573 1994 616 2058 ad
651 1994 739 2074 quod
770 1993 911 2073 quisque
935 1996 1054 2073 sponte
1078 1993 1241 2072 defertur,
1267 2011 1315 2058 es-

161 2119 202 2167 se
221 2103 306 2167 hano
326 2101 506 2183 epistulam
530 2100 631 2166 unius
655 2099 869 2181 ejusdemquo
895 2099 1073 2180 scriptoris.
1112 2100 1176 2190 Hie
1199 2102 1316 2164 autem

161 2209 312 2273 assecuti
346 2207 470 2271 erimus
504 2207 538 2270 id
571 2208 658 2287 quod
691 2207 787 2271 nobis
811 2205 1044 2286 proposuimus
1068 2206 1313 2286 demonstrare,

163 2314 346 2378 dummodo
380 2311 518 2377 lectores
541 2313 636 2378 nobis
658 2313 841 2378 oonoedant
865 2329 939 2377 esse
963 2329 1080 2394 operae
1104 2313 1250 2393 pretium
1274 2313 1315 2377 de

163 2419 221 2485 illo
243 2419 442 2502 praejudicio
462 2418 604 2484 ulterius
627 2436 797 2502 quaerere,
824 2421 975 2500 possitne
993 2419 1119 2484 idoneis
1143 2436 1315 2498 argumen-

164 2527 214 2591 tis
237 2526 405 2591 suffuloiri.
443 2525 512 2590 Nos
535 2525 669 2606 quidem
694 2525 786 2606 ipsae
807 2525 1047 2608 dubitationes
1074 2543 1158 2606 quae
1181 2544 1243 2591 nos
1267 2527 1314 2592 in·

165 2632 430 2715 terpellavemnt
461 2632 542 2697 dum
566 2631 698 2711 singula
722 2632 849 2697 euriose
872 2631 1086 2715 rimabamur,
1112 2632 1317 2714 impulemnt

162 2741 207 2805 ad
242 2739 539 2821 pervestigandum
573 2756 658 2821 quae
681 2738 820 2803 tandem
844 2738 934 2817 origo
956 2740 1047 2803 esset
1072 2738 1160 2803 illius
1183 2743 1317 2805 contex-

164 2849 242 2926 tus,
268 2863 333 2927 quo
356 2846 452 2911 hodie
475 2846 613 2910 utimur.

212 2952 277 3017 Hie
303 2956 486 3033 antequam
509 2952 736 3033 conjecturam
761 2951 939 3031 periclitari
962 2950 1075 3036 liceat,
1102 2954 1245 3018 duamm
1271 2972 1318 3019 re-

162 3077 242 3123 rum
265 3058 369 3123 series
391 3055 634 3123 examinandae
658 3061 740 3122 sunt
763 3075 802 3122 ao
826 3058 973 3137 primum
998 3060 1132 3139 quidem
1146 3050 1247 3141 iuuat
1260 3062 1319 3126 ool-

163 3165 267 3243 ligere
289 3163 393 3247 lotoe,
419 3166 540 3245 quibus
565 3165 705 3245 scriptor
727 3164 768 3228 de
792 3181 828 3229 se
853 3164 925 3245 ipso
949 3164 1105 3246 loquitur.
1398 3154 1401 3165 '

175 3262 180 3267 ’
215 3270 255 3334 In
280 3271 386 3351 primo
410 3270 518 3353 eapite
540 3271 689 3352 primum
714 3271 797 3335 satis
823 3271 998 3349 magnifiee
1021 3273 1144 3337 scribit.
1174 3272 1319 3339 Ministe-

164 3378 258 3442 rium
280 3376 346 3441 filit
370 3377 400 3439 ἐν
423 3376 549 3449 δυνάμει
576 3376 627 3439 καὶ
655 3376 683 3438 ἐν
709 3375 865 3451 πνεύματι
891 3375 971 3455 ἁγίῳ
996 3377 1047 3440 καὶ
1072 3378 1101 3440 ἕν
1127 3380 1318 3461 πληροφορίᾳ

166 3491 290 3564 πολλῇ,
327 3500 378 3549 νε.
416 3484 447 3547 5.
482 3484 639 3549 Lectores
674 3500 753 3548 eum
785 3483 912 3548 imitati
946 3488 1044 3566 sunt,
1080 3485 1180 3551 siouti
1208 3486 1321 3567 ipsum

167 3588 344 3654 Christum
367 3594 449 3655 sunt
472 3591 615 3672 imitati,
640 3609 691 3656 νε.
717 3590 746 3652 6.

213 3695 256 3759 In
291 3697 400 3776 eapite
435 3698 579 3763 seeundo
602 3696 715 3762 omnia
739 3699 821 3760 sunt
843 3694 1013 3777 aliquanto
1037 3700 1237 3765 modestiora
1260 3716 1321 3765 neo

167 3801 362 3867 dissimulat
396 3804 553 3887 scriptor,
592 3803 713 3884 quibus
745 3802 998 3868 difficultatibus
1021 3804 1234 3870 conflictatus
1258 3806 1320 3888 sit,

168 3926 223 3974 νε.
250 3911 281 3973 2.
313 3908 388 3974 Non
407 3927 694 3991 supervacaneum
712 3911 767 3973 est
784 3926 978 3987 asseverare
1002 3909 1126 3975 adiisse
1150 3911 1320 3993 fraudem,

168 4014 295 4079 atrisse
316 4018 450 4095 turpem
470 4033 624 4097 oausam,
649 4015 773 4080 afuisse
792 4013 922 4096 dolum,
936 4033 1042 4095 quum
1054 4015 1322 4083 fratribusunioe

169 4120 328 4201 prodesse
362 4126 548 4187 conaretur.
585 4122 681 4188 Vidit
715 4122 850 4202 quidem
885 4139 953 4186 non
987 4139 1061 4187 esse
1085 4140 1122 4187 se
1145 4140 1322 4203 personam
1453 4159 1456 4163 ·

169 4231 303 4305 gratam
326 4228 383 4293 sed
408 4230 492 4294 satis
514 4232 584 4311 est,
606 4229 704 4293 modo
727 4228 818 4293 Deus
838 4229 984 4307 probarit
1005 4229 1243 4294 sinceritatem.
1268 4232 1323 4295 Ab

169 4334 265 4397 omni
299 4332 488 4400 adulatione
524 4352 655 4416 semper
682 4334 908 4399 alienissimus
932 4335 1013 4415 fuit;
1038 4351 1224 4416 numquam
1247 4353 1323 4402 ava·

171 4438 251 4503 ritia
274 4456 353 4503 eum
378 4439 571 4521 instigavit;
597 4440 698 4505 testis
722 4439 812 4504 Deus
836 4443 991 4505 osteum
1016 4457 1202 4521 numquam
1224 4441 1322 4506 hono·

173 4545 221 4610 ris
244 4543 403 4624 cupidum
433 4546 555 4627 fuisse3
580 4546 737 4611 manibus
769 4546 841 4627 ipse
865 4545 936 4610 suis
958 4548 1117 4627 perpetuo
1141 4546 1321 4629 laboravit,
