3192 5325
914 545 978 611 226

619 730 691 800 Διὸς
715 728 827 793 Ἰδαίου
850 726 952 806 μύςηρ
976 727 1120 806 γενόμην,

613 834 665 899 καὶ
689 833 871 900 νυκτιπόλου
895 835 1039 916 Ζαγρέως
1062 834 1194 915 βροντάς

617 943 676 1013 τρὶς
700 944 730 1006 τ’
754 941 943 1020 ὠμοφάγους
969 941 1080 1014 δαῖτας
1104 940 1237 1013 τελέσαις

614 1049 721 1129 Μητρί
742 1052 772 1113 τ’
790 1049 872 1130 ὃρείνρ
895 1050 991 1134 δᾷδας
1016 1049 1161 1129 ἀνασχών

614 1156 667 1222 καὶ
692 1158 849 1237 Κὸυρνὶτων

609 1263 736 1345 βάκχος
761 1264 896 1338 ἐκλήθην
912 1264 1053 1337 ὀρινθείς.

614 1369 783 1434 rutilante
807 1370 833 1435 δ’
858 1368 939 1451 ἔχων
962 1367 1082 1447 εἵματα
1105 1370 1214 1451 <cripe

614 1475 734 1555 γένεσιν
759 1502 794 1541 τε
819 1477 935 1556 βροτῶν
960 1479 1024 1542 κτέ.

364 1586 417 1651 116
440 1584 585 1667 loquitur
607 1586 695 1666 apud
718 1586 941 1669 Porphyrium
960 1586 1017 1667 qui
1035 1587 1146 1652 locum
1166 1586 1319 1651 servavit
1339 1586 1491 1663 (1611811-

363 1695 477 1758 161111
501 1693 531 1774 4,
559 1692 613 1774 19>
636 1710 725 1757 unus
745 1693 779 1754 ἐκ
798 1699 858 1755 τῶν
878 1692 949 1764 Διὸς
971 1693 1133 1771 προφητῶν
1153 1691 1183 1754 ἕν
1203 1693 1313 1771 Κρήτη.
1339 1692 1490 1757 Licebitne

363 1800 436 1865 illas
460 1799 603 1878 Ζνιρρέως
631 1797 762 1876 βροντάς
787 1817 983 1881 componere
1006 1818 1084 1864 cum
1107 1800 1178 1866 Joh.
1208 1800 1258 1882 12,
1284 1799 1337 1880 29,
1361 1799 1413 1862 ubi
1433 1814 1490 1878 per-

364 1905 448 1972 mise
470 1905 632 1970 traditur:
657 1905 670 1967 ὁ
695 1899 745 1968 οὖν
770 1902 864 1984 ὄχλος
886 1905 899 1968 ὃ
925 1906 996 1976 teta
1021 1905 1073 1968 acl
1098 1903 1233 1972 οἰκούσαις
1255 1901 1362 1980 ἔλεγεν
1381 1903 1490 1980 βροντὴν

364 2009 549 2088 γεγονέναιτί)
578 2013 650 2077 Hoc
680 2015 770 2078 certe
801 2013 956 2078 videmus
980 2012 1127 2078 vetustis
1151 2011 1351 2078 Christianis
1374 2010 1489 2090 scripto-

363 2118 455 2183 ribus
487 2117 664 2184 molestam
695 2119 800 2184 fuisse
824 2119 1094 2184 convenientiam
1118 2135 1234 2183 eorum
1258 2134 1342 2199 quae
1364 2118 1402 2182 de
1423 2116 1489 2179 lesu

362 2227 397 2287 61
426 2224 466 2289 de
496 2223 624 2290 Baccho
657 2225 885 2290 tradebantur.
921 2225 979 2289 Bis
1002 2227 1063 2290 hoc
1085 2227 1325 2304 argumentum
1347 2220 1490 2288 tractavit

361 2330 519 2396 lustinus
542 2331 685 2413 Martyr;
711 2332 788 2395 vide
810 2330 949 2412 Apolog.
973 2333 1071 2412 prior.
1097 2331 1138 2395 54
1162 2334 1198 2396 et
1221 2331 1304 2395 Dial.
1331 2349 1356 2396 c.
1382 2325 1488 2410 Tryph.

363 2438 416 2503 69.
460 2437 647 2502 Daemones
682 2441 882 2517 exceperant
911 2437 1035 2503 scilicet
1070 2437 1247 2518 vaticinia,
1284 2435 1391 2518 qualia
1424 2433 1492 2496 sunt
1567 2435 1568 2452 l

362 2544 445 2610 Gen.
471 2545 523 2625 49,
551 2545 610 2608 11:
641 2545 723 2623 ligat
753 2544 795 2609 ad
819 2545 955 2610 vineam
979 2545 1107 2628 pullum
1132 2563 1232 2610 suum
1358 2539 1490 2606 lavatio

361 2652 440 2717 vino
472 2650 594 2716 stolam
617 2669 715 2716 suam
738 2654 774 2716 et
797 2651 833 2716 in
859 2652 1022 2732 sanguine
1045 2655 1132 2718 uvae
1155 2649 1288 2732 pallium
1317 2668 1428 2731 suum,
1450 2647 1488 2710 ab·
1566 2690 1567 2697 1

361 2774 425 2839 que
454 2758 502 2822 sic
534 2757 703 2822 finxerant
730 2758 771 2823 de
804 2760 934 2825 Baccho
966 2760 1123 2825 tabulam.
1147 2758 1270 2823 Itidem
1295 2752 1488 2823 memorabile

359 2865 412 2929 est
447 2863 534 2944 quod
566 2863 723 2929 lustinus
753 2864 851 2944 Apol.
883 2866 980 2946 prior.
1016 2866 1058 2930 22
1090 2865 1308 2947 Mercurium,
1335 2864 1385 2929 cui
1407 2859 1485 2936 ληίην

360 2973 620 3050 cognomentum
650 2973 703 3035 est
733 2974 769 3036 61
802 2971 961 3037 Perseum
984 2973 1042 3054 qui
1065 2972 1194 3050 virgine
1218 2974 1320 3036 natus
1342 2972 1394 3035 est
1414 2964 1487 3032 simi·
1565 2960 1566 2975 ²

359 3076 467 3159 liaque
490 3078 603 3142 omnia
625 3077 727 3142 refert
750 3078 792 3142 ad
817 3095 963 3159 eaquae
986 3077 1136 3143 Gentiles
1158 3079 1193 3141 61
1218 3075 1397 3142 Christiani
1418 3066 1486 3135 κοιηὲ

359 3184 526 3248 habebant
548 3183 701 3263 idemque
724 3183 889 3248 affirmat:
915 3202 1020 3265 quum
1042 3184 1078 3249 in
1101 3184 1143 3248 iis
1166 3200 1251 3263 quae
1275 3182 1434 3271 tradimus
1454 3177 1486 3240 ab

360 3290 495 3354 Graecis
536 3290 597 3354 vix
639 3289 881 3373 discrepamus,
918 3290 1120 3356 incurrimus
1155 3290 1191 3354 in
1225 3290 1340 3355 odium
1372 3287 1487 3369 propter

360 3395 484 3460 Christi
508 3413 639 3461 nomen.
