3192 5325
428 1360 602 1454 CAPUT
637 1361 905 1452 OCTAVUM.

191 1559 276 1636 QUA
294 1558 499 1633 METHODO
521 1559 661 1633 SUPRA
682 1559 754 1634 uei
776 1558 937 1649 SUMUS,
960 1555 1142 1630 niuniu

119 1676 420 1751 ADHIBEBIMUS
449 1677 506 1751 Ao
534 1677 832 1752 uxiuiununi
859 1675 1044 1750 SELEGTA
1072 1673 1226 1748 odelei

449 1796 611 1875 eeneii
633 1796 888 1871 uviuunnii.

579 2071 769 2082 -.-———

637 2279 655 2351 5
682 2276 710 2338 1.

290 2458 506 2539 Gompoaitur
529 2474 600 2537 cop.
625 2455 689 2520 ΙΙΙ
709 2473 786 2520 oum
810 2473 880 2538 cop.
904 2456 929 2520 I
948 2459 977 2520 et
998 2457 1048 2521 H.

144 2635 215 2702 Hoc
248 2637 468 2718 evangelium
502 2637 588 2719 quod
620 2637 692 2719 jam
720 2636 800 2703 olim
830 2637 1084 2719 pneumaticum
1115 2637 1243 2705 dietum

106 2738 180 2822 ont,
205 2761 390 2824 numquam
412 2744 554 2808 fortasse
573 2745 732 2808 naturam
751 2741 956 2808 luculentius
975 2743 1124 2808 ostendit
1143 2730 1245 2825 quam

106 2844 196 2913 initio
217 2850 310 2914 tertii
333 2849 470 2931 eapitis,
491 2848 550 2913 ubi
571 2848 865 2914 Pneumatioorum
885 2848 1035 2914 doctrina
1053 2848 1245 2929 plenissime

108 2953 286 3035 exponitur,
311 2953 438 3020 scilieet
460 2971 511 3019 ve.
537 2955 576 3017 6:
600 2952 634 3014 τὸ
658 2952 882 3029 γεγεννημένον
906 2953 1014 3026 ἕκτης
1036 2952 1245 3033 σοορκὸςσοέρξ

109 3052 178 3140 tero,
213 3059 264 3122 καὶ
302 3056 336 3121 τὸ
372 3058 595 3135 γεγεννημένον
626 3059 660 3121 ἐκ
700 3062 753 3121 τοῦ
793 3059 969 3134 πνεύμονος
1007 3057 1131 3133 πνεῦμά
1172 3060 1244 3127 ε’ςνν.

108 3161 297 3231 Humanum
331 3183 437 3245 genus
471 3166 506 3230 in
541 3165 625 3229 duas
660 3166 786 3245 species
820 3151 990 3246 dividitur,
1027 3170 1177 3242 σαρκικῶν
1210 3168 1245 3230 et

108 3276 321 3343 πνευματικῶν.
345 3272 602 3353 PneumetiouS,
629 3288 696 3335 non
720 3271 829 3350 magis
852 3288 954 3351 quam
977 3270 1118 3349 σκρκνκός
1140 3272 1197 3352 qui
1216 3273 1247 3336 ei

108 3388 124 3435 e
151 3378 278 3457 regione
313 3376 487 3458 oppositus
521 3379 592 3452 est,
617 3375 674 3455 fit;
699 3378 849 3442 nascitur
871 3378 973 3442 enim.
1007 3376 1247 3442 Pneumatious

109 3495 168 3545 non
198 3483 307 3561 magis
341 3485 437 3561 rogat
471 3481 586 3563 quidni
620 3478 763 3553 οκνκνκός
795 3482 858 3565 sit,
891 3500 993 3563 quam
1022 3482 1121 3547 homo
1152 3484 1263 3562 rogat

109 3587 214 3664 quidni
247 3588 389 3653 rationis
419 3604 540 3669 expers
571 3588 625 3652 sit.
664 3586 727 3652 Pro
758 3590 928 3668 potestate
959 3588 993 3652 τὸ
1025 3590 1149 3664 πνεῦμα
1173 3586 1247 3651 ὅπου

110 3689 177 3755 θέλει
208 3699 281 3758 πνεῖ
310 3691 362 3755 καὶ
388 3693 444 3767 τὴν
467 3692 570 3771 Φωνὴν
595 3691 834 3761 οὖτοῡοέκούεις
858 3692 1084 3776 (intelligenda
1105 3693 1248 3759 fortasse

110 3794 303 3871 glossolaliae
326 3798 483 3883 speeies),
521 3800 610 3862 eui·
643 3799 696 3862 οὐκ
727 3793 812 3869 οἶδας
845 3797 932 3861 πόθεν
954 3794 1078 3877 ἔρχεται
1111 3799 1162 3860 xxi
1188 3802 1246 3862 ποῦ

111 3897 236 3981 ὑπάγει·
261 3901 353 3975 οὕτως
379 3903 442 3972 ε’ςὶν
466 3906 530 3975 πῶς
555 3904 569 3968 d
593 3903 815 3980 γεγεννημένος
840 3903 874 3966 ἐκ
898 3906 950 3967 τοῦ
975 3903 1162 3978 πνεύμονος.
1295 3942 1298 3947 -

148 4009 261 4093 Itaque
282 4013 414 4084 nostae
436 4008 543 4076 veluti
564 4010 606 4076 ad
630 4010 780 4075 Platonis
803 4027 956 4075 normam
978 4009 1070 4075 ideas
1093 4009 1248 4091 compleo

111 4111 186 4180 titur
217 4135 256 4181 ao
286 4117 423 4198 proinde
452 4117 719 4199 omnebonum,
745 4115 832 4195 quod
856 4114 964 4180 solum
986 4112 1076 4185 ὄντος
1100 4113 1163 4198 ies,
1190 4117 1248 4182 sed

113 4220 167 4283 sub
197 4222 279 4288 luna
312 4240 379 4287 non
414 4223 480 4287 nisi
519 4222 696 4303 disjectum
730 4220 903 4286 invenitur
937 4236 1131 4303 semperque
1165 4220 1250 4287 latet

113 4323 234 4397 terrena
263 4332 299 4395 et
337 4328 531 4410 imperfecta
565 4328 674 4409 speeie
708 4327 909 4393 involutum.
953 4326 1116 4407 Quamdiu
1151 4326 1251 4393 homo

69 4447 72 4455 ·
117 4443 183 4497 oum
206 4451 338 4516 corpore
363 4434 561 4518 conjunctus
583 4436 654 4514 est,
680 4450 748 4499 non
772 4433 896 4514 poterit
918 4432 1156 4513 perfeetionem
1178 4434 1251 4498 vita

115 4536 241 4615 referre,
273 4558 353 4606 nam
384 4541 486 4605 habet
516 4538 693 4605 coelestem
718 4541 753 4603 et
777 4539 917 4604 minime
940 4541 1135 4605 terrestrem
1158 4540 1251 4617 origi·
