3192 5325
898 545 961 611 138

354 729 527 796 Adamum
555 747 629 798 esse
658 735 781 814 typum
803 731 909 798 hrtun'
931 731 1064 798 Adami.
1088 731 1157 798 Res
1179 732 1210 797 ei
1233 730 1336 798 nimis
1359 731 1491 812 philoso-

353 836 451 918 phica
481 840 517 903 et
545 839 702 905 abstrusa
732 842 806 906 erat
828 843 864 904 et
887 856 929 904 ex
954 837 1084 905 Adamo
1109 841 1144 904 et
1166 838 1392 905 Anti-Adame
1412 839 1494 904 nihil

353 942 433 1008 fecit
451 943 615 1026 reliquum
637 949 768 1027 praeter
787 947 904 1012 Unum
926 949 961 1010 et
984 945 1101 1011 deinde
1125 946 1249 1012 Alium.
1270 945 1355 1011 lllud
1373 944 1419 1008 bt
1439 948 1491 1008 τοῦ
1571 981 1572 1030 3

355 1048 416 1119 ἑνὸς
447 1051 643 1132 primarium
666 1054 824 1143 censebat
849 1069 925 1118 esse
947 1052 1090 1132 indeque
1113 1052 1155 1117 ad
1178 1052 1372 1118 satietatem
1393 1068 1493 1132 usque

190 1160 192 1165 '
316 1174 319 1179 ·
353 1157 479 1223 recoxit
498 1160 647 1237 (omnino
669 1159 852 1237 duodecies)
868 1159 899 1236 ¹).
923 1158 1104 1224 Peccatum
1122 1161 1158 1223 et
1179 1159 1267 1224 Mors
1290 1174 1349 1240 per
1375 1176 1491 1223 unum:

354 1261 451 1329 Salus
473 1267 509 1330 et
533 1265 613 1331 Vita
635 1282 693 1347 per
715 1282 840 1332 unum:
865 1265 1009 1346 insipida
1040 1264 1201 1332 antithesi
1225 1265 1376 1346 impense
1399 1264 1492 1330 delec-

352 1371 498 1435 tabatur.
536 1371 669 1438 Veteris
703 1372 844 1439 aedificii
878 1371 959 1438 nihil
982 1374 1136 1452 superest
1158 1374 1291 1454 praeter
1317 1370 1492 1437 solitariam

352 1475 541 1543 columnam
564 1497 616 1544 vs.
643 1479 685 1544 14
719 1482 825 1545 exin:
857 1474 887 1551 ύς
921 1478 965 1544 ε’ςι
994 1477 1088 1549 τύπος
1121 1481 1174 1541 τοῦ
1207 1475 1390 1561 μέλλοντες,
1413 1495 1492 1558 quae

352 1585 454 1650 verba
484 1601 562 1650 cum
584 1585 740 1652 hodierne
763 1589 925 1652 contextu
949 1585 1087 1652 minime
1111 1587 1293 1668 potuerunt
1318 1585 1492 1652 coalescere

352 1692 388 1755 et
410 1691 514 1757 stulte
537 1692 721 1758 abundant.

395 1796 449 1862 lta
469 1798 536 1864 sere
559 1798 707 1866 Judaeus
730 1800 844 1890 thesin
867 1816 966 1865 suam
984 1804 1165 1866 exsecutus
1185 1818 1259 1866 esse
1271 1800 1415 1866 videtur.
1432 1800 1492 1864 Per

351 1901 524 1968 Adamum
546 1909 818 1987 repraesentatur
841 1907 1028 1972 humanum
1042 1923 1149 1989 genus
1167 1908 1254 1988 quod
1276 1910 1394 1989 peceat
1413 1905 1491 1970 κατὰ

355 2005 492 2094 elvepo,
517 2027 575 2092 per
599 2012 867 2078 Anti-Adamum
889 2015 1160 2094 repraesentatur
1183 2014 1371 2080 humanum
1394 2031 1492 2094 genus

352 2113 438 2196 quod
461 2115 529 2182 Deo
554 2118 691 2184 confidit
714 2118 799 2182 κατὰ
824 2117 963 2196 δύναμιν.
988 2119 1151 2201 Quidquid
1174 2120 1255 2186 facit
1273 2121 1425 2186 Adamus
1440 2119 1491 2186 rel

351 2219 620 2308 Anti-Adamus,
646 2223 744 2290 home
766 2225 884 2291 itidem
907 2224 1006 2304 faciet
1029 2225 1140 2306 prouti
1162 2226 1251 2292 hunc
1274 2229 1434 2307 sequatur
1448 2244 1491 2291 an
1572 2243 1573 2314 j

351 2326 463 2393 illum:
496 2330 583 2410 quod
617 2329 748 2396 Adamo
779 2331 834 2396 vel
857 2330 1084 2398 Anti-Adamo
1108 2332 1241 2416 accidit,
1265 2332 1395 2397 homiui
1417 2331 1490 2399 acei-

351 2434 419 2499 det.
452 2433 607 2500 Adamus
637 2441 769 2521 peccat,
798 2438 952 2503 Adamus
975 2436 1135 2519 meritur;
1159 2437 1410 2504 Anti-Adamus
1428 2440 1490 2522 jus·
1572 2513 1573 2516 Ἴ

271 2607 274 2610 ,
351 2543 409 2605 tus
432 2544 504 2617 est,
527 2541 776 2608 Anti-Adamus
798 2543 897 2610 vivit.
921 2544 1039 2625 itaque
1058 2544 1211 2610 credibile
1230 2545 1284 2608 est
1303 2545 1490 2625 scriptorem

352 2645 497 2713 dedisse:
529 2645 725 2723 σωθησθμεθα
753 2649 782 2713 εἰι
808 2657 846 2730 σῇ
872 2647 930 2731 ζωῇ
956 2650 1050 2714 aocet
1075 2656 1136 2729 (vs.
1166 2651 1218 2729 10)
1227 2672 1236 2733 3
1260 2648 1491 2727 βασιλεύσουσιν

351 2755 382 2817 ἐν
406 2752 466 2834 ζωῇ
489 2761 553 2833 (vs.
580 2757 640 2839 17),
666 2756 720 2822 Vel
742 2752 790 2820 ἵνα
817 2759 833 2831 ἡ
857 2755 956 2838 χάρισι
975 2755 1153 2837 βασιλεύση
1173 2756 1222 2821 δια
1245 2754 1431 2831 δικαιοσύνης
1451 2758 1488 2827 εἷς

351 2858 427 2940 (ebo
447 2859 561 2925 uiderer
587 2862 649 2945 (vs.
671 2864 711 2928 21
738 2864 920 2945 itidemque
944 2882 995 2929 vs.
1024 2864 1081 2946 12,
1107 2865 1204 2930 ouius
1227 2867 1396 2945 postrema
1418 2881 1490 2946 pars

350 2968 490 3048 interiit)
503 2966 529 3053 2)
552 2968 621 3035 Nec
644 2987 724 3035 sane
748 2988 850 3035 causa
873 2972 1027 3051 suberat,
1053 2988 1112 3035 cur
1131 2970 1277 3035 Judaeus
1299 2988 1488 3036 commemo·

350 3077 440 3141 raret
462 3080 607 3143 mortem
629 3078 769 3143 alteriue
792 3077 926 3142 Adami.

395 3177 458 3247 Sed
481 3181 543 3247 hoc
566 3183 679 3263 ipsum
702 3183 884 3249 molestum
908 3183 973 3248 fuit
992 3184 1169 3249 Redacteri
1183 3182 1380 3249 Christiano.
1400 3183 1489 3247 Anti·

350 3286 503 3353 Adamus
538 3288 569 3352 ei
601 3292 673 3353 erat
705 3288 859 3354 Christus
889 3293 924 3355 et
955 3289 1080 3355 Christi
1114 3292 1258 3355 mortem
1289 3288 1377 3354 haud
1400 3281 1491 3370 parri

350 3393 518 3458 aestimat.
543 3394 661 3475 Itaque
684 3395 803 3461 mortis
828 3394 916 3460 illius
941 3395 1067 3461 mentio
1090 3394 1266 3460 inserenda
1286 3398 1340 3460 est
1352 3395 1490 3476 legitque

351 3516 401 3563 VS.
428 3497 501 3564 lob:
526 3502 630 3577 πολλῷ
655 3503 778 3574 μᾶλλον
811 3499 1006 3575 σωθησόμεθα
1033 3500 1061 3563 ἕν
1088 3510 1125 3581 τῇ
1150 3498 1209 3581 ζωῇ
1234 3500 1351 3574 αὑτοῦ,
1377 3501 1434 3566 sed
1456 3502 1491 3564 ut

351 3605 521 3671 salutifera
550 3606 630 3671 lesu
663 3624 754 3672 mors
782 3610 1079 3691 commemoretur,
1114 3608 1154 3672 de
1180 3625 1240 3672 suo
1262 3607 1422 3672 adscribit
1444 3624 1490 3670 vs.

354 3713 426 3786 10⁸,
458 3728 542 3793 quae
577 3714 679 3779 verba
713 3731 780 3779 nen
813 3714 1001 3779 arctissime
1032 3730 1112 3779 cum
1146 3713 1278 3795 reliquis
1302 3713 1490 3779 cohaerent:
1573 3732 1574 3737 ¹

350 3820 481 3899 ignorat
512 3818 604 3885 enim
634 3820 712 3901 quid
747 3819 872 3885 Christi
906 3838 997 3886 mors
1020 3822 1055 3887 et
1079 3820 1206 3885 effusus
1229 3808 1368 3899 sanguis
1393 3819 1491 3884 cent·

349 3928 427 3991 rant
456 3925 498 3991 ad
527 3928 678 3990 nostram
707 3926 861 3991 salutem.
898 3926 987 3991 Mors
1024 3925 1080 3991 illa
1103 3925 1252 3990 divinam
1276 3925 1386 4005 prodit
1409 3924 1491 3990 inde·
1573 3994 1574 4003 η

347 4032 414 4099 lem
448 4035 484 4097 ct
514 4031 679 4098 humanas
710 4033 799 4099 vires
831 4034 927 4115 plane
959 4050 1113 4115 superare
1143 4032 1292 4112 videtur;
1318 4032 1411 4109 illata
1434 4032 1492 4097 fuit

348 4138 528 4218 impiorum
559 4137 595 4202 in
628 4140 791 4219 gratiam:
828 4139 886 4205 sed
920 4156 978 4204 cur
1002 4138 1165 4205 tandem?
1189 4138 1359 4204 Nimirum
1379 4138 1492 4221 justifi-

355 4318 540 4330 —..-———

384 4404 409 4464 1)
426 4404 467 4453 Vs.
486 4404 517 4457 17
534 4420 564 4454 ne
580 4405 638 4455 satie
655 4404 751 4469 quidem
767 4404 863 4453 videtur
879 4399 904 4451 ἐν
925 4398 960 4451 ύιὶ
977 4400 1181 4464 παραπτώματι,
1199 4402 1245 4453 nisi
1260 4402 1364 4451 addetur
1379 4399 1420 4451 δια
1436 4399 1489 4459 ἔνθα

384 4485 412 4549 8)
432 4484 469 4536 Ibi
486 4485 585 4535 turture
602 4486 669 4551 prior
686 4485 790 4534 Ademnr
808 4488 953 4534 memoretur
971 4484 1018 4534 ruit
1033 4484 1063 4533 ed
1080 4499 1182 4548 eumque
1198 4483 1369 4549 inspiciebatur
1382 4484 1490 4534 extremis

348 4566 438 4619 verbis:
454 4564 522 4633 (ύφ)’
540 4563 556 4630 ξι
574 4565 667 4624 πάντες
684 4566 805 4627 tuamor:
827 4565 842 4615 i.
861 4581 881 4616 e.
901 4565 944 4617 sub
963 4565 1014 4629 ejus
1032 4565 1169 4617 oeconomia
1188 4581 1268 4617 omncs
1285 4570 1422 4631 peccarunt.
