3192 5325
350 695 388 742 se
407 677 514 744 officio
537 697 598 746 suo
621 681 791 764 perfungi:
816 682 874 746 sed
898 682 1003 747 altera
1026 679 1147 747 solutio
1170 679 1312 746 alteram
1334 677 1495 743 excludit:

351 783 387 848 in
409 783 514 850 altera
535 787 577 852 ad
600 787 743 854 alienam
765 787 1003 855 auctoritatem
1026 790 1244 869 provocatur,
1268 786 1305 850 in
1328 785 1428 850 altera
1452 784 1494 849 ad

350 889 453 973 leges,
480 909 564 973 quas
587 912 650 960 sua
673 895 791 976 cuique
815 894 1019 960 conscientia
1042 893 1265 975 praescripsit.

400 997 523 1077 Quodsi
549 1000 732 1066 identidem
763 1002 848 1068 aliae
870 1017 988 1066 causae
1012 999 1209 1081 afferuntur,
1235 1015 1294 1064 cur
1315 995 1394 1062 alios
1416 996 1495 1078 pati-

351 1107 448 1170 enter
480 1106 575 1172 forre
598 1109 795 1189 debeamus,
827 1108 886 1173 vix
916 1111 1005 1172 recte
1036 1123 1088 1171 νε.
1121 1107 1141 1170 6
1173 1105 1213 1170 do
1244 1103 1495 1170 manducatione
1571 1135 1572 1174 i

350 1210 415 1275 dici
444 1213 564 1293 potuit.
596 1213 722 1280 Deinde
751 1215 997 1281 attendendum
1028 1211 1063 1278 1⁰
1094 1213 1136 1279 ad
1167 1229 1218 1278 vs.
1254 1209 1290 1274 51³
1320 1215 1355 1276 et
1386 1208 1436 1291 6¹³,
1462 1209 1495 1273 in

351 1317 473 1397 quibus
495 1321 718 1401 repugnantia
741 1322 847 1405 inest,
869 1339 949 1386 nam
962 1338 1012 1386 νε.
1027 1322 1063 1390 bs
1075 1318 1494 1402 provocaturadcuiusque

350 1422 508 1489 intimam
525 1428 778 1507 persuasionem
797 1431 833 1493 et
846 1445 897 1492 νε.
907 1426 961 1506 6¹³,
976 1429 1143 1508 quantum
1154 1426 1196 1491 ad
1208 1424 1495 1490 manducationem

351 1528 456 1595 solam
479 1531 621 1616 attinet,
646 1534 772 1598 reditur
795 1533 838 1599 ad
859 1551 911 1598 νε.
937 1534 976 1614 4,
999 1551 1079 1598 nam
1099 1533 1160 1598 hoc
1173 1533 1237 1598 sibi
1248 1531 1368 1597 volunt
1380 1531 1493 1596 verba:

350 1637 514 1715 εἰχνῳνςεί
535 1638 577 1715 τῷ
601 1639 669 1717 θεῷ·
695 1635 731 1703 2⁰
755 1641 796 1705 ad
821 1656 940 1704 versus
963 1641 983 1704 6
1008 1641 1042 1704 et
1068 1643 1105 1722 7,
1128 1639 1186 1720 qui
1205 1640 1358 1704 contorte
1369 1636 1494 1718 conjun-

350 1746 494 1822 guntur:
520 1746 576 1826 qui
596 1747 779 1812 manducat
809 1748 844 1811 et
873 1745 1020 1827 quinon
1042 1745 1241 1827 manducat,
1266 1747 1407 1825 uterque
1429 1741 1493 1806 Deo

350 1851 476 1928 gratias
498 1852 587 1931 agit,
611 1871 693 1917 oum
715 1853 866 1918 vivimus
891 1855 926 1917 et
948 1852 1111 1916 morimur
1133 1851 1284 1916 Domino.

396 1956 460 2021 Hic
483 1959 568 2023 satis
591 1959 744 2025 videmus
769 1960 833 2024 dno
856 1960 1044 2038 fragmenta
1064 1958 1248 2023 commixta
1267 1957 1380 2022 fuisse.
1394 1955 1493 2034 Erpe-

350 2061 478 2127 riamur
500 2081 584 2129 num
606 2065 778 2146 primitiva
803 2066 909 2132 forma
931 2065 1116 2146 recuperari
1141 2063 1259 2146 possit.

398 2165 444 2231 1⁰.
468 2171 645 2237 reddemus
668 2189 807 2237 versum
831 2173 851 2235 6
875 2171 963 2248 (inde
986 2173 1027 2236 ab
1052 2167 1065 2233 ὁ
1091 2171 1134 2246 μὴ
1161 2169 1275 2252 ἐσθίων)
1296 2168 1410 2234 versui
1429 2167 1492 2231 det

351 2272 582 2343 collocabimus
613 2281 692 2342 ante
716 2280 756 2355 τῷ
780 2277 842 2355 ἰδίῳ
864 2279 969 2356 κυρίῳ·
995 2277 1042 2342 sic
1066 2277 1203 2342 demum
1226 2276 1328 2341 verba
1358 2275 1440 2348 ςνίκεν
1461 2273 1493 2336 et
1572 2345 1573 2366 2

352 2379 458 2444 πίπτει
484 2400 534 2448 νε.
556 2385 576 2447 4
602 2401 668 2450 non
692 2386 854 2450 carebunt
880 2385 1040 2466 subjecto.

398 2487 444 2551 2⁰.
469 2489 652 2555 delebimus
683 2508 734 2555 VS.
760 2493 780 2555 6
805 2491 967 2570 remica
987 2489 1065 2567 yolo
1089 2492 1125 2555 et
1149 2487 1218 2552 aa>
1254 2490 1435 2568 εὐχαρνςτεί
1455 2483 1491 2563 τῷ
1572 2489 1573 2522 ί

352 2592 423 2676 dre,
458 2596 605 2677 primum
636 2600 771 2680 propter
801 2598 924 2662 miram
955 2597 1238 2678 permutationem
1261 2594 1492 2679 particularum
1572 2595 1573 2600 ’

323 2697 414 2778 ,νίν
446 2706 481 2768 et
505 2703 576 2779 ccl,
612 2722 692 2769 nam
724 2706 825 2769 verbo
857 2690 1032 2782 εἰχνρνςείν
1064 2703 1150 2768 ratio
1182 2706 1242 2767 aut
1266 2702 1414 2767 redditur
1437 2699 1492 2763 aut

352 2823 418 2872 non
449 2809 613 2890 redditur;
646 2810 762 2875 deinde
786 2810 866 2892 quia
888 2811 1033 2875 nimium
1055 2809 1217 2888 languent
1242 2826 1281 2873 ea
1305 2810 1423 2889 verba;
1436 2804 1492 2874 de-

351 2912 451 2994 nique
474 2917 561 2996 quod
584 2933 675 2981 nunc
699 2917 836 2982 demum
860 2916 1078 2996 intelligimus
1101 2913 1280 2981 lectionem
1301 2910 1493 2981 codicumA

350 3021 386 3083 eb
417 3020 462 3084 B:
496 3020 509 3083 ὁ
542 3027 654 3099 Φρονῶν
686 3022 740 3094 τὴν
772 3021 887 3100 ἡμέραν
911 3021 998 3099 κυρίῳ
1022 3026 1143 3104 Φρονεῖ,
1169 3038 1249 3086 nam
1272 3022 1359 3101 quod
1381 3018 1493 3098 legitur

350 3124 386 3189 in
416 3126 632 3194 deterioribus
660 3129 753 3194 libris
785 3125 838 3191 xci
864 3126 877 3190 ὁ
902 3130 945 3203 μὴ
971 3134 1101 3206 φρονῶν,
1127 3130 1197 3210 est,
1224 3128 1276 3192 uti
1300 3128 1410 3208 vides,
1435 3138 1492 3188 cor·

350 3232 453 3297 rectio
476 3251 578 3314 quam
601 3235 679 3300 fecit
703 3235 757 3300 cui
778 3238 935 3300 veterum
956 3234 1116 3300 librorum
1139 3232 1237 3298 lectio
1262 3233 1460 3314 displicebat.

397 3335 443 3402 3⁰.
469 3338 653 3405 delebimus
677 3359 728 3405 νε.
755 3342 790 3407 7¹³
816 3339 881 3424 (καὶ
907 3340 1113 3423 ἀποθνήσκει).
1140 3337 1247 3409 Οὐδεὶς
1269 3338 1342 3415 γάρ·
1359 3338 1422 3421 (VS.
1442 3338 1490 3411 72),
1573 3354 1574 3369 ¹

351 3445 428 3522 post
453 3462 503 3509 νε.
530 3448 549 3511 5
574 3447 635 3511 hoc
657 3447 754 3511 modo
777 3448 964 3512 rectissime
988 3446 1111 3511 stabit:
1136 3445 1369 3525 unusquisque
1392 3443 1492 3507 insuo
1573 3448 1574 3459 ¹

351 3564 454 3614 seusu
478 3552 641 3632 abundet,
668 3552 738 3616 scil.
762 3570 798 3618 se
821 3554 902 3618 alios
923 3552 1111 3632 aedificare,
1133 3568 1214 3615 acm
1236 3566 1335 3615 nemo
1348 3552 1492 3615 nostrum

350 3655 439 3721 vivit
463 3658 526 3722 sibi
548 3657 619 3723 soli.
644 3656 845 3739 adscriptus
865 3659 930 3723 fuit
949 3676 999 3723 vs.
1016 3655 1068 3739 ib,
1083 3656 1199 3721 utalia
1212 3674 1297 3736 quae
1311 3654 1490 3737 sequuntur

351 3778 420 3827 vss.
445 3764 483 3844 83
507 3765 528 3827 9
552 3782 630 3828 cum
654 3764 880 3844 superioribus
903 3762 1143 3845 quodammodo
1167 3761 1410 3843 copularentur.

398 3864 444 3932 4⁰.
464 3872 667 3949 corrigemus
688 3887 737 3935 νε.
761 3871 791 3933 4.
815 3870 1027 3951 Propositum
1039 3870 1105 3934 fuit
1117 3869 1280 3933 redactori
1293 3868 1378 3933 duas
1389 3879 1491 3948 quaes-

350 3975 459 4041 tiones
481 3977 681 4042 confundere
704 3978 739 4040 in
758 3994 867 4040 unum
891 3978 925 4041 et
950 3976 1012 4040 hoc
1036 3975 1171 4040 consilio
1193 3992 1244 4039 νε.
1259 3968 1492 4055 6transposuit

350 4084 385 4145 et
408 4081 639 4161 interpolavit3
664 4080 780 4146 deinde
804 4099 848 4146 ex
871 4099 922 4147 νε.
949 4080 968 4145 5
993 4081 1023 4142 ἐν
1047 4082 1088 4158 τῷ
1113 4081 1174 4160 ἰδίῳ
1200 4079 1240 4143 νοί
1264 4079 1428 4145 assumsit
1446 4072 1491 4139 ad·

347 4187 511 4269 jectivum
535 4188 616 4263 ἰδίῳ,
640 4190 680 4251 ut
703 4204 755 4251 νε.
781 4188 801 4251 4
826 4188 962 4253 adderet
988 4188 1116 4254 nomini
1140 4187 1182 4264 τῷ
1208 4186 1304 4266 κνῳίῳ.
1342 4187 1428 4251 Hinc
1450 4196 1490 4245 or·

349 4295 426 4356 tum
457 4293 603 4358 stultum
627 4292 707 4358 illud
731 4293 772 4369 τῷ
797 4292 859 4373 ἰδίῳ
884 4292 989 4377 κνῳίῳ,
1016 4295 1111 4375 quasi
1147 4294 1378 4375 unusquisque
1401 4303 1491 4356 suum

350 4397 414 4463 sibi
445 4399 614 4479 proprium
649 4397 744 4474 κύρννν
775 4400 928 4480 haberet,
962 4406 1053 4475 (nam
1082 4417 1171 4464 nunc
1196 4399 1331 4479 quidem
1357 4398 1491 4475 sepior:

289 4505 292 4510 ⁴
350 4502 526 4587 δεσπότης),
547 4505 647 4569 sicuti
666 4502 738 4567 ἰδννν
760 4508 825 4567 νοῦν
843 4506 955 4572 habet.
979 4504 1043 4570 Sed
1061 4508 1241 4587 postquam
1261 4505 1490 4587 interpolatum
