3192 5325
883 489 948 554 290

338 673 446 740 fuerat
470 671 699 753 Epistularum
721 673 898 752 explicatio
922 673 1050 740 ratione
1073 673 1186 740 habita
1209 674 1282 756 eJ'us
1305 676 1362 758 qui
1384 677 1471 758 scrip

337 781 397 863 sit,
423 783 458 845 et
480 797 596 850 eorum
617 779 659 844 ad
682 796 765 860 quos
789 779 933 858 scriptae
964 783 1062 862 sunt,
1094 797 1199 861 quum
1228 783 1361 861 pectora
1384 785 1473 848 certo-

336 907 418 952 rum
439 905 552 952 rerum
574 885 777 964 indigerent!
817 885 916 952 Nunc
937 889 1054 951 autern
1083 887 1227 967 epistula
1248 888 1290 952 ad
1314 889 1471 956 Romanos

335 995 459 1074 scripta
481 993 649 1058 videbitur
671 992 713 1056 ad
736 992 849 1073 plures
871 992 1034 1060 Ecclesiae
1057 993 1172 1074 simul,
1203 994 1293 1058 unde
1317 993 1471 1074 consequi-

336 1104 390 1164 tur
413 1100 494 1165 nihil
517 1099 635 1178 respici
658 1100 788 1178 praeter
812 1115 868 1180 ea,
893 1115 1035 1178 quorum
1059 1099 1247 1178 indigerent
1270 1117 1396 1166 omnes.

380 1202 562 1270 Stemlerus
586 1203 718 1270 mavult
745 1203 890 1282 cogitare
920 1205 960 1269 de
984 1205 1083 1270 certis
1113 1205 1322 1289 hominibus,
1348 1205 1464 1272 scilicet

333 1314 373 1376 de
404 1311 605 1377 Christianis
633 1327 676 1374 ex
707 1309 918 1390 Gentilibus3
950 1310 1068 1380 itidem
1099 1310 1298 1380 Guilielmus
1329 1311 1388 1379 Th.
1412 1329 1473 1376 van

333 1400 561 1500 Griethuyzen
595 1417 766 1483 Romanos
795 1417 957 1496 agnoscit.
994 1418 1035 1486 In
1069 1418 1132 1484 hac
1159 1417 1321 1500 epistula,
1354 1417 1473 1499 inquit,

333 1541 518 1605 numquam
547 1523 588 1588 iit
618 1539 729 1589 sermo
759 1523 799 1588 de
829 1541 942 1592 cruce:
974 1541 1076 1605 quam
1107 1523 1295 1606 sapienter!
1324 1525 1475 1610 „Nolemt

332 1629 456 1694 Paulus
490 1630 619 1695 Romae
651 1629 687 1695 in
727 1629 837 1710 capite
871 1629 983 1708 gentis
1017 1630 1182 1698 offendere
1217 1623 1474 1698 Christianorum

332 1754 431 1802 aures
452 1737 551 1817 idque
573 1736 770 1816 praesertim
802 1735 875 1804 siue
903 1737 1045 1806 causa!”
1081 1737 1244 1802 Videlicet
1267 1755 1399 1806 crucem
1421 1737 1475 1802 mi·

285 1900 287 1904 .
332 1843 423 1907 nime
442 1842 617 1926 amabant,
642 1841 731 1923 quod
757 1842 886 1914 Romae
914 1843 951 1910 in
982 1844 1189 1916 catacumbis
1222 1843 1477 1928 Griethuyaenio

331 1954 540 2030 compertum
566 1949 641 2014 iuit.
1285 2017 1287 2022 ,

375 2057 483 2121 Juxta
501 2073 577 2120 earn
597 2055 910 2136 interpretationem
927 2055 1126 2125 collocamus
1146 2057 1335 2139 opinionem
1352 2074 1475 2140 eorum,

331 2163 452 2243 quibus
475 2162 629 2242 Epistula
652 2161 777 2242 scripta
795 2165 850 2230 est
871 2165 912 2232 ut
931 2162 1243 2233 demonstrarentur
1261 2163 1476 2232 fimdamenta

330 2268 539 2334 Christianae
561 2267 737 2347 religionis.
774 2269 904 2336 Verum
926 2269 1062 2351 uiridem
1085 2273 1139 2337 est
1162 2270 1281 2338 deesse
1301 2287 1345 2344 ex
1367 2269 1475 2338 funda·

328 2373 454 2439 mentis
487 2373 552 2440 iilis
583 2392 708 2458 unum,
741 2391 863 2468 nempe
894 2375 1018 2444 crucis:
1051 2376 1109 2441 sed
1139 2375 1265 2447 Paulus
1296 2376 1360 2441 hoc
1388 2375 1474 2442 dedit

328 2480 477 2546 delicatis
499 2480 636 2545 auribus
658 2481 897 2552 Romanorum.

373 2587 465 2669 Quod
494 2604 536 2651 ex
571 2586 644 2669 ipsa
673 2605 710 2654 re
744 2590 900 2672 apparet,
936 2587 1108 2671 Epistulae
1139 2591 1380 2669 argumentum
1408 2604 1471 2658 non

327 2712 434 2760 unum
468 2697 503 2759 et
524 2694 681 2775 'simplex
715 2696 796 2778 erit,
833 2697 868 2761 siw
893 2698 1063 2778 postrema
1092 2714 1171 2777 pars
1201 2696 1373 2777 adquanto
1400 2696 1471 2778 post
1573 2700 1576 2717 '

325 2802 439 2869 addita
473 2800 650 2867 videbitur.
691 2802 871 2871 Contendit
906 2801 1187 2884 Straatmannus,
1222 2801 1318 2871 cauus
1347 2802 1472 2871 felicem

324 2908 498 2975 audaciam
521 2925 621 2973 nemo
643 2907 679 2973 in
703 2908 757 2975 his
779 2907 879 2975 terris
908 2925 1016 2979 ausus
1035 2910 1090 2975 est
1109 2908 1252 2992 imitari,
1277 2910 1472 2989 exceptura
1542 2944 1544 2949 ·

324 3016 395 3097 pite
419 3016 462 3080 15
481 3015 628 3096 insiticia
650 3032 724 3081 esse
746 3014 859 3085 omnia
882 3014 962 3081 iude.
982 3014 1026 3083 ab
1044 3016 1152 3097 capite
1175 3016 1226 3083 12.
1251 3014 1368 3098 capite
1389 3014 1464 3081 12-

327 3123 368 3188 14
391 3123 538 3203 produnt
569 3121 706 3201 quidem
733 3121 829 3189 Pauli
850 3138 1009 3203 manum,
1025 3123 1027 3129 '
1041 3121 1100 3187 sed
1132 3122 1362 3204 conjungenda
1393 3121 1470 3187 sunt

289 3218 292 3225 ’
324 3245 402 3311 cum
425 3229 534 3307 capite
555 3228 596 3291 16
615 3244 720 3310 eaque
737 3226 900 3308 particula
923 3230 976 3293 est
997 3227 1171 3309 Epistulae
1188 3228 1362 3297 cuiusdam
1379 3226 1469 3297 Pauli

184 3378 186 3382 -
322 3335 364 3399 ad
388 3334 558 3414 Ephesios.
595 3334 712 3407 Totius
734 3334 906 3415 Epistulae
931 3333 1080 3405 clausula
1110 3335 1195 3401 latet
1218 3335 1254 3401 in
1277 3335 1395 3415 eapite
1412 3334 1466 3417 15,

322 3458 403 3506 nam
433 3440 518 3521 quod
550 3440 671 3519 legitm
703 3439 762 3523 15,
788 3443 810 3507 8
841 3440 1108 3523 conjungendum
1131 3444 1185 3510 est
1217 3458 1295 3511 cum
1327 3442 1385 3524 11,
1411 3440 1466 3523 36,

320 3546 398 3612 licet
416 3547 524 3612 aliena
542 3546 705 3627 quaedam
724 3546 877 3612 admixta
895 3546 975 3613 sint.
1000 3546 1124 3615 Contra
1144 3547 1324 3616 Reversius
1336 3563 1468 3629 pugnax

321 3657 356 3719 et
379 3670 458 3739 acer,
475 3657 512 3717 et
535 3670 667 3734 semper
686 3652 830 3732 vigilans
853 3654 998 3737 nequid
1023 3654 1218 3725 detrimenti
1240 3654 1352 3736 capiat
1376 3654 1393 3727 ἡ
1413 3655 1466 3721 τῶν

320 3754 494 3837 ἑτεροδόξων
519 3756 687 3841 ὄρθοδοξία,
719 3758 885 3839 imprimis
915 3760 1027 3827 11611111
1057 3776 1099 3827 ne
1132 3760 1243 3843 Odpissa
1268 3760 1400 3827 12-14
1428 3759 1468 3825 ab

319 3869 481 3933 contextu
506 3882 763 3938 secerneremus.

364 3975 514 4052 ingenue
539 3973 710 4040 miramur.
747 3971 797 4040 Ut
818 3972 905 4039 scias
937 3976 1054 4045 utrum
1077 3974 1245 4055 apuria
1277 3991 1356 4043 cum
1379 3990 1467 4055 supe-

266 4058 272 4069 ¹
320 4080 460 4145 rioribus
494 4068 763 4160 conjungendum
794 4078 841 4145 sit
871 4096 991 4164 necne,
1022 4080 1169 4161 primum
1203 4080 1358 4146 omnium
1388 4096 1467 4161 opus

318 4188 372 4251 est
406 4189 446 4249 ut
479 4183 561 4249 illud
592 4187 695 4265 caput
728 4183 905 4264 intelligas.
947 4185 1106 4253 iudicent
1140 4186 1399 4253 Straatmannus
1433 4187 1466 4249 et

318 4289 520 4369 RouersiuS‚
552 4289 636 4355 alter
658 4287 775 4372 libere,
807 4289 893 4356 alter
923 4294 1055 4357 veteres
1086 4309 1200 4373 presse
1231 4295 1387 4374 secutus;
1411 4291 1465 4357 sed

318 4399 459 4477 uterque
481 4396 613 4460 oberrat
642 4396 762 4462 chorda
781 4398 913 4482 eadem,
947 4416 1053 4481 quum
1076 4397 1238 4465 simulant
1257 4416 1294 4464 se
1316 4397 1405 4483 loqui
1427 4398 1464 4462 de

317 4502 425 4584 capite
448 4502 488 4564 12
512 4503 675 4581 tanquam
694 4503 734 4568 de
752 4520 789 4567 re
808 4504 964 4570 omnibus
986 4505 1175 4571 notissima.
1202 4505 1349 4571 Vertant
1372 4503 1464 4570 modo
