3192 5325
676 535 741 599 285

134 718 212 794 post
235 718 407 795 acceptam
434 718 449 778 1
475 715 650 779 Corinth.?
679 712 810 778 Suntne
834 733 954 779 versus
981 717 998 777 2
1022 714 1168 780 Corinth.
1195 719 1223 796 2,
1254 720 1288 798 13

137 821 196 901 12,
226 823 284 901 14;
311 823 370 901 21;
398 823 455 901 13,
485 823 500 885 1
527 839 575 901 sq,
601 820 655 904 (cf.
684 822 699 882 1
726 821 875 885 Corinth.
904 822 961 902 16,
989 822 1019 896 7)
1055 821 1218 887 eiusmodi
1252 827 1291 888 ut

135 928 324 1008 necessario
347 928 478 992 credere
508 928 687 991 debeamus
711 927 855 990 Paulum
879 930 1011 1006 praeter
1033 927 1099 990 iter
1130 927 1216 1007 quod
1239 929 1290 993 de-

140 1033 296 1097 scribitur
331 1033 408 1097 Act.
430 1036 493 1113 Ap.
521 1035 571 1112 18,
601 1035 658 1113 ll,
683 1033 787 1096 etiam
810 1032 875 1096 alia
898 1033 1068 1097 occasione
1092 1034 1291 1099 Corinthum

137 1138 286 1202 adiisse?
318 1139 536 1203 Pertinentne
562 1138 742 1203 rdormth.
766 1140 898 1202 10-13
918 1139 959 1202 ad
984 1139 1016 1202 id
1040 1140 1127 1218 quod
1150 1141 1291 1221 scriptor

137 1243 202 1307 sibi
225 1245 267 1307 ab
291 1244 388 1308 initio
412 1245 654 1324 proposuerat?
689 1243 904 1308 Dissentiunt
929 1244 1144 1325 interpretes;
1178 1264 1290 1326 quam-

136 1369 258 1430 quam,
281 1351 458 1415 dummodo
479 1351 681 1430 interpretes
704 1349 795 1429 ipsos
815 1350 978 1432 excipiam,
1004 1366 1102 1414 nemo
1125 1351 1292 1430 intelligat

135 1457 301 1536 quomodo
337 1457 372 1519 in
404 1456 584 1535 Epistulis,
614 1471 699 1534 quae
730 1454 864 1534 quidem
895 1472 973 1519 vere
1005 1455 1175 1535 Epistulae
1200 1459 1287 1539 sint,

137 1563 216 1641 post
250 1563 428 1626 sexcentos
463 1561 779 1625 commentariorum
813 1561 914 1625 libros
949 1560 1031 1625 talia
1065 1562 1191 1628 incerta
1216 1582 1291 1629 esse

134 1667 278 1746 possint.

248 1772 406 1854 Epistula
430 1774 475 1836 od
497 1773 672 1838 1101101100.

181 1879 265 1943 Ecce
288 1879 563 1951 vetustissimum
593 1879 851 1959 documentum,
884 1898 951 1960 quo·
981 1880 1171 1945 docebimur
1199 1881 1290 1962 ipsas

133 1985 279 2062 origines
302 1984 490 2062 Evangelii:
522 1984 666 2064 epistula
690 1988 743 2048 est
766 1985 809 2048 ad
839 1985 983 2050 nobilem
1007 1987 1195 2069 ecclesiam,
1217 2006 1290 2053 con-

135 2089 262 2172 scripta
285 2108 373 2155 anno
398 2091 440 2154 59
465 2093 499 2154 et
524 2089 657 2173 quidem
681 2091 723 2153 ab
747 2090 821 2169 ipso
845 2108 966 2170 magno
991 2092 1152 2172 Apostolo
1178 2093 1289 2158 Genti-

134 2196 229 2262 lium.
256 2197 333 2261 Jam
353 2195 504 2261 omnium
527 2196 676 2276 primum
694 2197 887 2276 quaerimus
910 2199 951 2262 ad
976 2215 1142 2277 quosnam
1165 2199 1289 2264 Paulus

138 2301 320 2382 scripserit.

181 2407 248 2471 Hic
278 2407 409 2472 difficile
441 2409 495 2471 est
526 2407 667 2471 satiram
689 2426 757 2473 non
789 2408 941 2472 scribere.
971 2409 1074 2474 Plane
1098 2411 1289 2477 invidemus

135 2513 364 2578 Holtzmanno
384 2513 426 2589 τῷ
447 2511 659 2596 χαλκεντέρῳ,
682 2514 739 2594 qui
757 2515 847 2578 mille
868 2515 1091 2595 interpretum
1116 2517 1288 2582 volumini-

135 2620 200 2685 bus
225 2617 396 2699 perlectis,
421 2623 536 2685 tamen
560 2619 659 2684 alacri
681 2620 794 2685 animo
823 2637 896 2686 sese
918 2620 1125 2701 accingitad
1149 2641 1241 2703 opus

186 2726 265 2810 „Die
288 2727 465 2791 beriibmte
484 2726 658 2808 Debatte’',
681 2728 740 2802 (sic
762 2728 852 2792 enim
871 2726 941 2807 ille,
969 2728 1027 2791 sed
1050 2746 1169 2808 parum
1193 2733 1289 2797 abest

136 2832 218 2912 quin
237 2833 411 2897 ridiculam
424 2831 699 2911 disceptationem
717 2850 780 2897 uos
800 2834 934 2913 quidem
953 2834 1167 2913 appellemus)
1187 2840 1290 2922 „iiber

137 2938 203 3002 den
223 2940 337 3020 judeu-
362 2939 440 3003 oder
463 2937 528 3001 den
550 2936 883 3002 heidenchristlichen
903 2938 1080 3003 Character
1103 2942 1161 3005 der
1184 2942 1288 3007 Mehr-

136 3044 207 3106 heit
239 3045 297 3108 der
319 3043 507 3108 romischen
533 3042 715 3107 Gemeinde
745 3043 807 3106 hat
830 3044 980 3108 mehrere
1013 3044 1151 3111 Studien
1175 3047 1287 3114 durch-

135 3148 258 3213 laufen.
302 3149 370 3213 Das
398 3147 705 3212 altherlrdmmliche
736 3146 870 3213 Urtheil
900 3148 1027 3213 lautete
1063 3151 1288 3220 0111Ηο1101-

137 3253 403 3318 christeatbuffl

181 3361 229 3425 Eo
256 3362 457 3439 perventum
488 3361 597 3425 iuerat
625 3377 714 3425 anno
741 3361 827 3425 1824
859 3363 935 3441 post
968 3364 1103 3441 parturn
1129 3364 1287 3445 Virginis.

137 3466 259 3532 Jamne
283 3466 500 3530 admotam?
633 3487 637 3490 ·

183 3573 259 3636 Noli
281 3572 455 3636 festinare!
490 3568 679 3636 Secundum
709 3572 879 3653 Koppium
902 3573 1047 3638 Ecclesia
1077 3578 1131 3639 est
1164 3576 1288 3645 111101-

135 3677 316 3741 cbrietb'cb.
359 3677 605 3741 Assentiuntur
639 3677 829 3755 gravissimi
869 3678 1030 3744 doctores.
1070 3681 1186 3766 „Diese
1221 3685 1289 3750 An-

136 3784 258 3847 nahme
278 3782 430 3857 (scheint)
450 3782 486 3845 in
510 3782 608 3861 Eolge
632 3783 689 3847 der
708 3784 907 3849 Arbeitvon
920 3784 976 3849 11.
990 3786 1142 3865 Mangold
1155 3789 1288 3869 langere

135 3888 210 3953 Zeit
233 3887 314 3950 iiber
337 3887 397 3950 das
420 3888 499 3951 Feld
522 3888 682 3966 siegreiob
706 3907 749 3952 zu
773 3890 998 3971 behaupten.”

179 3994 228 4057 Eo
251 3995 453 4072 perventum
475 3992 541 4057 fuit
563 4012 651 4058 anno
678 3994 775 4061 1816.
812 3996 932 4061 Jamne
955 3998 997 4061 ad
1021 4001 1176 4064 metam?

183 4097 258 4162 Noli
279 4097 456 4161 festinare!
482 4098 562 4182 „Ein
582 4099 791 4179 Rbckschlag
804 4102 923 4181 erfolgt
938 4102 1042 4168 durch
1054 4104 1289 4177 Weiszackers

134 4203 311 4266 Eintreten
330 4220 374 4265 nu
393 4202 549 4267 Gunsten
569 4203 626 4268 der
646 4205 755 4269 ultera
775 4207 1051 4287 Beurtheilung.”
1071 4211 1184 4276 Etiam
1200 4214 1290 4283 hunc

135 4307 235 4371 multi
266 4310 469 4389 sequuntur,
496 4308 584 4372 inter
610 4327 693 4389 quos
716 4312 951 4379 Kneuclrerius
983 4315 1049 4380 iuit
1076 4332 1164 4383 anno
1191 4320 1288 4389 1881.

135 4412 256 4477 Jamne
280 4415 407 4475 metam
429 4413 609 4477 videmus?

179 4515 318 4595 Ἤσυχος
344 4514 459 4598 ἥσυχος
494 4517 591 4597 ἠρέμα
622 4519 757 4584 κάνθων·
783 4525 827 4599 μή
853 4548 903 4600 μοι
929 4526 1065 4606 σοβαρῶς
1089 4528 1180 4609 χώρει
1204 4531 1289 4604 λίαν.
