3192 5325
644 569 688 636 59

107 755 219 821 fuisset
236 770 523 836 supervacaneum
538 755 635 836 paulo
654 754 789 820 uberius
809 754 992 820 ostendere.
1006 753 1116 835 Caput
1127 756 1243 820 autern

104 861 251 942 estquod
273 861 305 926 ei
327 861 405 926 lieet
429 860 502 926 sive
525 859 636 935 ἄνομον
660 860 775 926 vivere
799 860 872 926 sive
896 856 1024 943 ἔννομον,
1049 860 1162 942 prouti
1183 860 1242 925 rni-

105 967 232 1032 nisterio
256 968 440 1049 expedierit
455 968 487 1044 ¹).
511 965 583 1032 Nos
605 969 721 1031 autem
743 967 777 1030 id
799 967 966 1048 imprimis
988 967 1136 1032 advertit
1155 967 1242 1048 quod

105 1075 253 1153 provocat
277 1074 320 1138 ad
342 1073 439 1152 νύρνον
466 1072 598 1154 Ἰησοῦν,
623 1074 681 1154 qui
704 1073 767 1139 sibi
788 1072 981 1155 apparuerit
994 1071 1035 1154 2);
1061 1089 1122 1138 neo
1145 1072 1243 1152 negli-

105 1195 213 1257 gemus
224 1180 363 1244 modum
374 1197 440 1261 quo
451 1180 654 1261 reliquorum
665 1179 893 1262 apostolorum
905 1179 1113 1244 mentionem
1123 1178 1204 1244 facit
1218 1178 1243 1261 Β)

106 1286 137 1348 et
157 1286 315 1350 miramur
338 1285 581 1367 quodammodo
603 1287 690 1367 quod
713 1286 873 1364 gloriatur
896 1286 983 1367 quod
1006 1285 1040 1350 id
1059 1302 1126 1350 non
1146 1285 1242 1366 fecit,

105 1392 184 1472 quod
215 1392 244 1457 si
277 1392 431 1476 feoisset,
463 1395 576 1458 totum
607 1393 699 1457 vitae
729 1391 907 1457 eonsilium
937 1392 1078 1456 fortasse
1109 1391 1244 1456 irritum

106 1498 224 1564 facturn
255 1499 376 1563 fuisset
407 1515 446 1563 ao
470 1500 560 1565 oerte
583 1498 618 1562 in
639 1515 815 1564 summum
838 1498 997 1564 adactum
1019 1496 1140 1562 fuisset
1164 1497 1244 1577 peri-

105 1605 242 1681 onium⁸i
268 1602 324 1687 (vs
359 1603 426 1687 12).

149 1816 220 1882 Jam
243 1818 485 1899 quodammodo
509 1817 682 1898 pervidere
704 1817 875 1897 coepimus
898 1834 962 1898 quo
985 1816 1118 1896 ingenio
1137 1815 1245 1882 isiue-

107 1923 163 2006 rit,
186 1925 238 1990 oui
261 1925 348 1990 hanc
370 1923 551 2005 epistulam
574 1923 734 1988 debemus
757 1925 793 1988 et
818 1922 919 1986 simul
939 1921 1246 1988 demonstravimus

107 2045 178 2094 eum
197 2031 232 2095 in
255 2046 379 2109 magna
401 2029 596 2109 opinionum
619 2029 830 2109 diuersitate,
852 2044 969 2093 omnes
992 2030 1109 2093 tamen
1132 2029 1246 2108 perdu-

108 2152 173 2200 cere
193 2136 340 2202 voluisse
361 2137 404 2201 ad
427 2134 578 2198 κοινωνίαν
600 2138 654 2197 τοῦ
673 2135 773 2210 κυρίου
793 2133 901 2206 Ἰνσοῖο.
922 2136 1036 2214 Atque
1049 2134 1097 2198 Sic
1109 2134 1246 2198 demum

109 2243 194 2308 nobis
215 2243 384 2324 patefacta
406 2242 463 2306 via
487 2244 541 2307 est
564 2247 604 2306 ut
627 2241 847 2306 ostendamus
870 2240 904 2304 id
927 2240 1014 2320 quod
1038 2256 1140 2319 supra
1165 2238 1246 2304 dixi-

108 2365 192 2428 mus,
222 2347 353 2412 eoedem
383 2347 597 2428 quaestiones
620 2347 657 2411 in
680 2363 748 2412 una
771 2346 953 2426 eademque
976 2345 1130 2426 Epistula
1153 2345 1245 2410 varie

108 2455 234 2518 tractari
266 2456 303 2518 et
332 2453 474 2518 diversis
505 2453 595 2518 modi
621 2453 716 2518 solvi.
740 2452 854 2517 Prima
877 2450 942 2517 erit
966 2467 1067 2532 quam
1091 2451 1246 2515 tractabi-

109 2573 177 2623 mus
201 2558 352 2640 quaestio
375 2559 417 2623 de
440 2557 643 2623 Glossoiniia.

635 2848 745 2941 er„

195 3068 198 3070 “
233 3079 414 3145 Troototur
437 3077 584 3160 quaestio
607 3077 646 3141 de
672 3076 867 3141 Gtoeeololio
890 3078 920 3139 et
942 3077 1043 3157 ceput
1066 3075 1120 3139 13.

149 3290 354 3357 Gravissima
381 3289 549 3371 quaestio,
574 3304 659 3369 quae
680 3288 723 3352 ad
743 3286 870 3352 multas
892 3285 976 3351 alias
1002 3303 1057 3351 res
1080 3286 1245 3367 pertinet,

112 3396 248 3475 primum
279 3396 388 3461 locum
418 3397 492 3477 J'ure
522 3394 587 3460 sibi
609 3393 760 3473 flagitare
783 3392 935 3475 videtur,
960 3392 1038 3474 quia
1061 3393 1250 3457 secundum

111 3502 305 3569 reductorem
323 3502 491 3581 cohaeret,
513 3518 592 3566 oum
611 3502 686 3565 tota
704 3499 834 3564 ratione
852 3498 1017 3563 Ecclesiae
1030 3498 1248 3564 Christianae.

150 3608 262 3690 Itaque
291 3607 476 3688 glossolaha
507 3606 596 3671 inter
625 3604 858 3686 pneumatioos
880 3606 954 3669 orta
976 3605 1047 3684 est,
1073 3603 1160 3685 quod
1182 3603 1249 3668 effi-

117 3794 301 3803 -u—-m

143 3933 168 3997 1)
182 3933 260 3983 niam
277 3933 303 3983 in
318 3932 428 3998 Epistola
445 3932 475 3981 ad
492 3931 589 3981 Galatae
605 3946 630 3981 ee
647 3928 751 3979 defendit
767 3930 831 3993 qnod
847 3924 952 3987 ἐννόμως
966 3926 1035 3975 vivit.
1051 3925 1248 3990 hueusquiinest

115 4013 225 4065 invertit
240 4013 341 4076 ’ἔννομος
358 4015 463 4077 micat,
480 4028 515 4062 re.
534 4013 579 4071 21,
597 4011 625 4061 ab
642 4010 693 4075 ejus
710 4009 806 4075 ingenio
824 4010 923 4059 minime
941 4006 1060 4057 obhorret.

145 4097 170 4161 2)
186 4095 295 4158 ‘Beiram
313 4098 350 4163 (2,
371 4098 407 4158 l),
426 4096 515 4145 scilieet
531 4111 580 4145 non
598 4094 673 4144 oeulis
689 4094 730 4143 eod
747 4093 836 4143 montis
854 4092 916 4151 aeie;
935 4092 1041 4141 nondum
1058 4090 1123 4139 enirn
1137 4091 1249 4140 continuo

117 4180 225 4244 apostolus
247 4184 313 4240 eret,
335 4179 377 4245 qni
400 4181 483 4229 Jeenm
506 4178 633 4241 aliquando
649 4178 712 4227 torte
727 4177 888 4242 eonspexerat.
905 4173 966 4223 Vide
984 4188 1044 4237 qnae
1061 4172 1124 4222 inira
1141 4171 1250 4222 dieantur

115 4261 141 4309 ot
154 4263 169 4310 2
184 4264 292 4314 corinth.
312 4264 352 4323 12,
370 4264 385 4313 1
402 4278 466 4326 seqq.

146 4346 171 4411 3)
187 4348 320 4411 Diligenter
336 4345 493 4409 distinguitur
510 4344 574 4394 inter
591 4342 724 4409 apostolor,
739 4340 838 4389 Domini
855 4340 942 4389 iratres
959 4341 983 4387 et
1000 4337 1112 4402 cepham.
1133 4338 1203 4402 Quod
1220 4337 1249 4386 od

121 4426 214 4491 &phun
231 4430 330 4488 attinet,
348 4429 378 4477 ei.
397 4429 411 4476 1
430 4426 539 4476 Corinth.
558 4426 598 4484 lt,
617 4427 639 4474 5.

65 4562 68 4565 ,
145 4510 172 4573 4)
197 4512 231 4560 11
255 4512 317 4561 hmo
338 4509 473 4575 apologiam
494 4509 595 4558 tortum
617 4506 691 4557 etiam
712 4504 831 4555 referendi
848 4506 903 4554 eunt
921 4518 966 4553 vae.
985 4502 1008 4561 6,
1028 4502 1071 4561 12,
1090 4501 1133 4561 10,
1149 4501 1180 4551 82
1198 4514 1246 4563 tq.;

120 4589 155 4651 11,
170 4593 198 4641 31
215 4609 248 4663 eq.
