3192 5325
620 540 700 603 217-
804 513 806 518 ’

84 719 184 782 solem
212 719 343 808 facilius
367 736 404 784 se
426 719 673 801 apprehendere
695 738 793 801 posse
816 724 939 802 sperat.
974 711 1094 789 Verior
1114 723 1230 790 intelli·
1367 739 1369 744 ·

83 825 191 902 gentia
224 825 290 890 suit
324 826 398 892 eius
430 826 487 907 qui
522 827 758 908 pronunciavit
792 829 963 894 neminem
998 846 1072 895 esse
1105 830 1232 894 bonum

82 934 209 1010 praeter
238 949 358 996 unum.
390 932 548 1012 Epidauri
578 933 680 998 aedes
708 933 900 1015 Aesculapii
923 934 1016 1014 puris
1039 935 1231 1000 hominibus

83 1039 190 1115 patet3
227 1037 370 1116 Magnus
404 1037 551 1103 Medicus
586 1039 730 1118 hospitio
766 1057 827 1104 suo
861 1040 1049 1121 inscripsit:
1075 1048 1230 1108 ΑΓΑΠΗ.

84 1139 248 1207 catholica
275 1142 437 1224 Ecclesia,
462 1141 547 1224 quae
570 1143 694 1209 devicit
717 1144 966 1224 pneumaticam
989 1145 1232 1226 philosophiam

83 1249 115 1310 et
142 1247 316 1313 Essaicam
347 1265 480 1313 morum
510 1250 709 1333 puritatem,
743 1249 897 1316 hominos
927 1252 967 1314 ut
998 1250 1120 1332 erigat,
1161 1270 1229 1318 non

83 1352 139 1416 hoc
170 1352 242 1431 agit
262 1355 304 1418 ut
327 1347 391 1418 s‘ibi
413 1355 579 1438 placeant,
608 1355 666 1420 sed
689 1357 729 1419 ut
753 1354 959 1437 intelligant,
986 1355 1068 1421 nihil
1093 1357 1231 1422 boniac

82 1474 120 1521 ne
141 1459 316 1524 lacrimam
339 1461 474 1540 quidem
492 1462 598 1541 perire
621 1462 708 1541 apud
733 1477 828 1542 eum,
851 1461 908 1542 qui
927 1479 971 1526 ex
990 1462 1230 1528 commaculata

82 1562 225 1628 humano
254 1581 374 1644 genere
405 1582 524 1646 corpus
554 1566 617 1631 sibi
640 1567 788 1649 paravit,
822 1567 909 1646 quod
941 1569 982 1633 de
1010 1566 1078 1633 Suo
1108 1565 1229 1635 Sancto

83 1668 221 1734 Nomine
243 1670 437 1750 appellavit.
783 1754 785 1758 y

121 1776 175 1840 Ab
210 1777 318 1842 altera
351 1779 447 1859 palte
482 1777 625 1856 legimus
660 1774 705 1840 ὅτι
737 1776 751 1838 ὃ
783 1775 875 1854 λόγος
908 1776 987 1856 σὰρξ
1015 1777 1156 1863 ἐγένετο,
1188 1781 1231 1844 ab

81 1881 181 1946 altera
204 1884 301 1962 parte
327 1885 502 1962 tamquam
525 1883 559 1946 in
583 1884 673 1964 picta
695 1884 812 1948 tabula
835 1885 1013 1964 respondet
1035 1885 1158 1965 pedum
1178 1887 1230 1951 ab·

81 1987 168 2053 tutio.
213 1989 395 2068 Nugantur
438 1989 639 2064 πνευματικοὶ
677 1991 717 2054 de
751 1992 917 2055 immenso
953 1991 1129 2056 intervallo
1165 2009 1231 2073 quo

82 2092 283 2158 dirimuntur
307 2093 454 2171 σαρκικοί·
477 2095 546 2159 imo
570 2095 682 2176 ipsum
707 2096 857 2160 Verbum
882 2096 1034 2161 mortalis
1053 2098 1193 2161 caroest
1208 2103 1229 2173 ¹)

83 2215 139 2263 nec
157 2199 290 2277 καθαρὸν
310 2199 529 2280 intelligimus
556 2202 742 2286 ,integrum
762 2201 876 2266 vitae’'
895 2201 949 2266 vel
969 2201 1020 2263 τὸν
1043 2199 1116 2264 ὄντα
1138 2202 1168 2264 ἐν
1188 2202 1230 2280 τῷ

83 2302 208 2386 οὐρανῷ,
247 2307 304 2370 sed
339 2303 390 2368 τὸν
426 2303 608 2380 λελουμένον
644 2307 701 2387 qui
732 2307 880 2388 quotidie
904 2303 1031 2385 παίζεται.
1066 2307 1228 2372 ineffabili

84 2411 175 2475 modo
206 2412 331 2476 caritas
354 2411 433 2476 illud
458 2411 672 2476 intervallum
695 2413 869 2493 superavit
892 2415 928 2477 et
951 2431 1057 2494 purus
1080 2413 1146 2476 iuit
1173 2413 1231 2493 qui

82 2514 119 2577 ad
137 2515 287 2597 impuros
307 2517 413 2580 dixit:
437 2515 524 2591 ὑμεῖς
542 2516 668 2591 καθαροί
692 2517 758 2598 ε’ςε,
774 2517 826 2580 οὐκ
847 2515 939 2595 ἔχετε
959 2517 1068 2597 χρείαν
1093 2515 1110 2590 ἢ
1132 2516 1228 2586 πόδας

82 2619 236 2699 νίψασθαι.
268 2622 515 2688 Proclamatum
538 2623 620 2688 tuit:
645 2623 805 2689 Misereor
822 2641 926 2705 super
946 2625 1063 2690 turbas
1082 2626 1118 2689 et
1130 2640 1230 2705 super

82 2728 218 2793 caducas
240 2746 296 2794 res
318 2729 503 2810 humanas„
529 2731 611 2794 dum
634 2731 739 2795 missa
760 2730 955 2811 celebratur,
980 2730 1076 2809 longe
1095 2731 1229 2810 lateque

83 2834 274 2899 exauditur:
313 2834 415 2899 Credo
449 2834 630 2900 Ecclesium
663 2835 823 2900 Sanctam
858 2838 894 2899 et
927 2836 1138 2909 lacernatus
1171 2838 1227 2899 ecl.

85 2936 184 3003 Curat
212 2940 360 3005 Ecclesia
383 2942 423 3005 ut
446 2957 589 3021 superne
612 2940 771 3019 gaudium
794 2941 857 3004 sit:
881 2940 971 3019 χαρὰ
995 2941 1025 3002 ἐν
1050 2941 1092 3019 τῷ
1117 2939 1229 3019 οὐρανῷ

85 3039 130 3104 ἐπὶ
154 3043 194 3106 ἑνὶ
221 3044 399 3123 ἁμαρτωλῷ
425 3044 517 3128 (Luc.
545 3046 610 3130 15).
643 3109 646 3112 ,
783 3051 785 3055 ’
1093 3124 1099 3135 ,

125 3148 243 3230 ltaque
255 3152 470 3216 Bernhardus
479 3151 592 3215 Clarae
599 3151 705 3216 Vallis
716 3168 833 3217 revera
844 3152 1029 3217 vindicavit
1044 3152 1230 3230 legitimam

82 3255 325 3330 possessionem
355 3255 519 3320 Ecclesiae
554 3255 750 3321 Catholicae.
787 3256 915 3320 Aderat
949 3275 1003 3320 res
1039 3257 1230 3335 cicatricula

83 3357 179 3424 sicuti
202 3360 354 3439 Theologi
377 3361 567 3444 loquuntur,
588 3361 645 3425 sed
665 3365 916 3426 sacromentum
935 3362 1131 3442 elucidatas
1158 3379 1231 3427 con·

82 3465 238 3530 tendebat
250 3466 499 3530 restituendum
522 3483 606 3531 esse.
632 3466 828 3546 Antequam
839 3466 1019 3548 imperium
1031 3467 1151 3548 adepta
1167 3471 1229 3543 est,

84 3566 249 3634 Catholica
272 3572 366 3635 secta
388 3571 450 3636 hoc
473 3574 721 3636 sacramentum
743 3573 928 3653 usurpabat
953 3574 980 3647 (1
1008 3572 1093 3637 Tim.
1109 3573 1145 3655 5,
1163 3573 1227 3657 10),

84 3674 174 3739 cuius
193 3675 413 3741 caerimonias
435 3677 477 3740 ab
500 3678 633 3742 Essacls
657 3680 815 3741 mutuata
839 3680 927 3759 erat,
954 3678 1011 3741 sed
1035 3677 1156 3757 adepta
1178 3681 1230 3743 est

85 3778 258 3861 imperium
294 3782 426 3846 mutuis
460 3783 729 3847 concessionibus
760 3785 795 3846 et
827 3786 1077 3848 sacramentum
1107 3784 1230 3863 pedum

84 3885 260 3951 ablutionis
290 3890 404 3950 tenere
437 3905 504 3952 non
534 3888 662 3968 potuit,
699 3888 858 3968 quoniam
882 3888 1078 3953 breviante
1102 3889 1230 3954 editum

86 3989 192 4056 iuerat
222 3995 384 4072 quartum
414 3994 648 4075 Evangelium,
682 3994 717 4057 in
748 4010 813 4072 quo
837 3994 898 4058 hoc
922 3996 1023 4074 caput
1036 3995 1089 4057 -13
1114 3996 1149 4059 et
1172 3995 1230 4060 irn-

86 4097 200 4174 primis
234 4115 305 4178 cap.
342 4098 381 4179 6,
419 4097 476 4162 510
511 4116 591 4179 sqq,
628 4116 736 4179 aquo
765 4115 867 4163 versu
891 4099 1037 4163 Ecclesia
1061 4099 1230 4165 Catholica

86 4202 269 4267 subsidium
294 4204 431 4282 petebat
460 4204 622 4268 adversus
646 4202 913 4268 Christianorum
931 4206 1140 4287 ,ὠμοφρρίριη
1165 4224 1231 4287 qua

92 4361 302 4374 ——-·-—--

120 4466 143 4520 1)
160 4466 268 4530 (tyrillus
285 4465 519 4528 Hierosolymitaum
536 4464 577 4522 12,
596 4465 639 4513 15:
659 4464 723 4513 Salvi
740 4480 835 4524 snmus,
851 4465 943 4529 inquit,
959 4466 1039 4514 cedern
1056 4482 1095 4525 rc,
1119 4483 1165 4531 que
1178 4468 1228 4517 dis·

89 4544 152 4597 bolus
167 4557 212 4598 ubo
228 4564 342 4613 superare
359 4547 460 4597 solebat:
481 4562 565 4612 nempe
582 4543 663 4606 σάρκα
680 4546 804 4610 intelligit.
