3192 5325
618 519 682 594 169

74 701 166 782 ange
188 703 318 770 remoti.
344 704 391 770 of.
416 723 486 770 vss.
506 667 624 787 aa
650 701 724 786 16b3
749 704 890 786 12;1a;
915 705 986 786 1703
1003 701 1076 786 17b;
1094 705 1221 786 ramo.
1325 777 1330 786 ,

116 809 187 874 Hoc
218 811 366 878 maxime
397 812 494 878 modo
526 812 666 892 singulis
695 811 850 877 versibus
876 829 977 876 suum
1000 813 1111 877 locum
1133 811 1219 877 assi-

74 931 170 993 gnare
203 918 329 998 poteris
359 935 464 1000 eaque
494 919 685 1001 conjectura
716 918 958 1000 quodammodo
992 919 1221 984 corroboratur

75 1021 177 1104 capite
203 1023 255 1088 13.

592 1153 610 1226 ᾗ
637 1150 688 1214 13.

430 1302 608 1368 Tractatur
631 1305 732 1383 capot
755 1302 861 1366 XIII.

118 1453 182 1518 Hic
204 1454 270 1521 tria
293 1455 480 1535 fragmenta
504 1455 760 1536 distinguimus:

120 1578 150 1625 u.
176 1562 254 1627 Vss.
282 1563 367 1630 1-7
393 1563 447 1647 (de
470 1563 586 1628 officiis
608 1580 687 1642 erga
711 1563 954 1642 magistratus).

120 1669 146 1731 b.
176 1670 253 1735 Vss.
279 1671 391 1735 8-10
415 1671 646 1753 (decantate,
672 1687 738 1751 qua
761 1668 816 1736 lex
839 1667 1050 1751 absolvitur).

120 1793 144 1838 c.
178 1776 255 1841 Vss.
283 1778 414 1840 11-14
439 1776 698 1854 (adhortationes
722 1780 804 1841 sunt
827 1774 869 1841 ad
892 1775 1074 1855 virtutem,
1095 1775 1219 1853 tempo·

80 1879 166 1945 ribus
189 1880 388 1964 adaptatae).

120 1986 270 2054 Primum
289 1989 518 2068 fragmentum
538 1990 700 2070 originem
718 1990 821 2055 habet
832 1988 971 2053 minime
984 1986 1218 2052 Christianam.

81 2090 225 2173 Apparet
251 2095 284 2158 1⁰
305 2097 392 2176 quod
411 2097 636 2176 magistratus¹
652 2097 724 2161 sine
743 2096 810 2160 ulla
826 2093 1035 2160 restrictione
1047 2093 1220 2172 laudatur;

84 2199 114 2260 2⁰
136 2200 221 2279 quod
251 2218 319 2266 non
349 2218 463 2282 parere
492 2204 650 2285 jubemur
673 2204 841 2284 quatenus
866 2195 1078 2266 conscientia
1093 2199 1219 2264 siverit.

82 2302 162 2383 Quin
191 2323 233 2370 vs
259 2308 278 2371 5
310 2309 395 2373 satis
418 2309 579 2390 creditur,
606 2309 847 2374 conscientiam
871 2324 929 2389 per
954 2323 990 2371 se
1013 2322 1143 2386 semper
1167 2304 1220 2368 ad·

79 2411 160 2488 igere
181 2413 222 2478 ad
246 2415 448 2496 parendum;
476 2417 510 2480 3⁰
534 2434 577 2481 ex
600 2415 711 2481 verbis
735 2415 769 2478 τὸ
794 2414 912 2490 ἀγαθὸν
936 2412 1012 2476 ποίει
1040 2411 1102 2496 (vs.
1126 2413 1158 2489 3)
1186 2413 1221 2476 et

82 2517 118 2586 εἰς
147 2518 282 2596 ἀγαθόν,
315 2539 457 2602 quorum
487 2522 576 2586 idern
606 2523 692 2588 color
720 2521 853 2602 estqui
876 2520 1008 2599 argenti
1032 2522 1085 2584 est
1108 2518 1220 2584 avaris

82 2625 173 2691 torris
202 2627 325 2709 abditi;
359 2630 394 2693 40
425 2630 502 2710 quia
532 2647 601 2695 vss.
635 2631 672 2711 63
698 2629 716 2693 7
743 2628 835 2694 nullo
858 2627 955 2693 modo
979 2626 1157 2707 respicitur
1179 2624 1221 2691 ad
1352 2622 1353 2625 ’

82 2748 115 2795 ea
144 2750 227 2814 quae
257 2735 439 2800 traduntur
469 2735 590 2800 Matth.
617 2738 669 2819 22,
698 2736 738 2800 17
764 2753 834 2816 sqq.
859 2734 951 2815 Quod
974 2734 1035 2799 hoc
1059 2734 1220 2813 fragmen-

82 2840 150 2902 tum
181 2841 299 2906 statim
336 2842 487 2923 sequitur
522 2844 598 2923 post
622 2846 723 2922 eaput
750 2843 802 2921 12,
827 2841 860 2905 id
884 2840 1124 2921 quodammodo
1150 2857 1221 2904 con·

83 2944 188 3011 firmat
223 2947 309 3028 quod
340 2948 380 3014 de
413 2965 450 3013 eo
482 2950 590 3029 capite
619 2948 781 3029 suspicati
807 2964 935 3012 sumus.
961 2942 1118 3026 Superest
1142 2946 1224 3025 trag-

84 3054 230 3118 mentum
261 3071 305 3118 ex
329 3055 552 3136 scepticorum
575 3054 683 3131 libris,
708 3054 765 3135 qui
787 3053 937 3132 neglecto
961 3052 1087 3134 patriae
1112 3068 1223 3117 amore

84 3161 231 3224 uetustae
254 3161 478 3243 philosophiae
497 3161 615 3244 dediti,
636 3178 737 3242 quam
757 3160 938 3225 Choamam
966 3158 1221 3240 appellitabant,

85 3262 237 3330 docebant
262 3284 393 3348 semper
415 3270 451 3331 et
473 3267 595 3347 ubique
619 3266 802 3331 cedendum
822 3281 896 3330 esse
916 3280 1036 3345 cosque
1056 3281 1130 3330 esse
1150 3282 1222 3329 oon·

85 3367 293 3452 damnandos
329 3373 386 3454 qui
414 3373 609 3454 impositum
631 3373 753 3453 jugum
776 3373 966 3436 renuerent.
992 3370 1119 3451 Nempe
1143 3370 1222 3435 reie-

85 3480 159 3541 runt
189 3477 382 3560 exemplum
412 3480 498 3559 quod
528 3482 609 3544 ante
637 3479 772 3543 dederat
796 3478 1006 3543 Ecclesiasta.
1045 3477 1117 3541 Hoc
1141 3478 1223 3556 frag-

85 3586 245 3661 mentum,
278 3586 365 3666 quod
397 3585 573 3651 difficulter
604 3585 799 3651 conciliatur
830 3601 907 3648 cum
931 3584 972 3648 iis
995 3600 1079 3664 quae
1103 3584 1223 3664 praeci-

86 3688 214 3765 piuntur
244 3692 322 3756 Aet.
354 3691 474 3771 Apost.
508 3691 537 3772 5,
572 3690 624 3774 29,
657 3695 829 3770 receptum
860 3690 1010 3772 videtur,
1043 3691 1224 3770 postquam

86 3795 182 3875 capite
216 3797 255 3860 12
287 3796 404 3861 itidem
426 3800 559 3877 recepta
582 3796 771 3875 fragmenta
794 3794 887 3861 fuere
910 3794 1054 3875 repetita
1077 3811 1119 3859 ex
1136 3796 1223 3859 tem-

19 3979 20 3982 *
87 3901 210 3977 poribus
233 3902 346 3967 ultimi
369 3901 443 3967 belli
466 3903 627 3967 adversus
650 3904 821 3967 Romanos
845 3902 940 3979 gesti.
962 3901 1053 3965 Haec
1073 3899 1224 3965 doctrina

87 4021 144 4084 qua
177 4008 285 4073 omnis
317 4008 448 4074 rebellio
479 4011 552 4073 tam
582 4008 715 4074 disertis
746 4008 858 4072 verbis
890 4007 1105 4088 improbatur,
1140 4007 1224 4073 satis

88 4110 286 4179 demonstrat
319 4113 416 4179 licere
449 4114 544 4179 nobis
578 4116 673 4179 Rom.
712 4115 763 4189 12,
802 4115 841 4177 18
877 4113 925 4177 ita
952 4113 1147 4197 intelligere,
1184 4118 1223 4179 ut

89 4232 274 4285 censeamus
304 4219 376 4284 fieri
406 4220 452 4285 ibi
483 4236 671 4285 sermonem
703 4220 744 4285 de
765 4218 895 4283 ratione
918 4236 984 4299 qua
1008 4218 1126 4283 ludaei
1150 4236 1224 4286 sese

89 4336 190 4399 gerere
212 4325 386 4405 deberent,
411 4325 516 4390 sicubi
539 4327 768 4390 Romanorum
790 4325 892 4389 rebus
917 4324 1177 4404 implicarentur.

19 4471 20 4474 =
127 4430 324 4509 Fragmenta
353 4432 371 4495 b
398 4449 449 4496 vs.
475 4434 495 4497 8
520 4432 617 4514 plane
640 4432 814 4513 oppositus
837 4432 892 4496 est
914 4448 953 4495 vs
977 4430 1006 4512 7,
1032 4448 1116 4511 quae
1141 4431 1223 4510 frag-

19 4535 20 4584 ?
90 4537 184 4601 menti
217 4555 239 4601 a
273 4537 436 4616 particula
465 4540 532 4603 est:
557 4538 591 4602 in
614 4539 801 4617 fragmento
826 4555 849 4602 o
873 4534 1073 4617 multiplices
1097 4537 1223 4618 δφειλαί
