3192 5325
899 522 963 588 232

351 709 386 772 et
416 707 574 788 quoniam
603 705 664 788 illi,
691 707 727 772 in
750 706 870 789 quibus
894 707 1039 774 secunda
1062 725 1153 774 mors
1176 726 1242 774 non
1265 711 1366 776 habet
1387 712 1486 791 potes·

352 814 477 893 tatem,
502 813 691 878 sacerdotes
713 813 774 879 Dei
801 817 836 879 et
860 814 984 880 Christi
1007 815 1181 898 dicuntur,
1207 817 1347 896 intelligi
1369 817 1420 881 hic
1442 818 1487 882 do-

351 919 441 984 bebit
463 919 582 998 ingens
605 920 758 985 omnium
781 920 943 987 Gentium
968 923 1163 989 hecatombe
1175 919 1209 1000 1).
1234 923 1298 988 Sed
1318 923 1486 1004 postillam

352 1029 515 1108 stragem,
539 1025 626 1090 redit
648 1044 786 1110 sponsa,
810 1045 895 1092 uxor
913 1028 1018 1112 Agni,
1033 1030 1154 1095 civitas
1170 1033 1290 1095 saneta
1313 1030 1486 1095 Jerusalem

347 1131 551 1197 ¹descendens
573 1131 613 1197 de
637 1132 725 1198 caelo
737 1137 770 1210 ²).
796 1134 837 1198 ln
857 1151 896 1199 ea
915 1135 1054 1201 civitate
1074 1136 1192 1220 Agnus
1212 1137 1377 1217 templum
1395 1138 1484 1219 esta,

350 1237 547 1324 luoemal),
560 1240 616 1304 sed
638 1239 720 1304 foris
743 1243 883 1305 manent
907 1240 1033 1308 Gentes
1047 1243 1080 1320 ⁵).

396 1345 465 1425 Quo
497 1348 646 1426 tempore
673 1345 827 1410 Christus
851 1347 1000 1412 nondum
1024 1349 1063 1414 de
1088 1349 1175 1415 coelo
1198 1349 1407 1415 descendisse
1429 1366 1485 1413 cre·

349 1453 506 1533 debatur,
530 1468 569 1517 eo
592 1454 741 1533 tempore
764 1453 901 1529 modus,
927 1470 991 1535 quo
1016 1455 1078 1520 sibi
1098 1455 1252 1522 homines
1272 1457 1486 1536 repraesenta-

349 1561 432 1625 bant
455 1557 506 1620 riv
530 1556 702 1640 ἐρχόμενον,
716 1560 902 1624 necessario
926 1560 1137 1642 aliquatenus
1156 1562 1404 1645 apocalypticus
1421 1578 1487 1626 esse

349 1665 481 1748 debuit,
507 1664 566 1728 sed
588 1664 670 1729 nihil
693 1666 830 1729 estcur
852 1667 1013 1745 putemus
1032 1667 1198 1732 mansisse
1221 1670 1339 1748 postea
1358 1667 1486 1732 eandem

350 1771 535 1849 imaginum
565 1771 802 1836 conmsionem.
839 1771 901 1852 Qui
925 1770 1080 1838 Christus
1103 1774 1138 1838 in
1162 1773 1365 1857 Apocalypsi
1387 1775 1486 1854 depin-

350 1878 457 1958 gitur,
488 1876 745 1942 vetustissimus
779 1877 932 1942 omnium
963 1881 1031 1961 est,
1066 1897 1149 1960 quos
1181 1881 1357 1961 novimus,
1381 1880 1487 1946 eadem

350 1985 477 2049 ratione
512 2001 577 2064 qna
611 1983 809 2048 Homericus
844 1982 961 2064 Apollo
998 1985 1254 2051 vetustissimus
1285 1991 1340 2052 est
1365 1983 1485 2068 Apollo,

351 2106 452 2173 quem
483 2089 649 2155 novimus.
685 2089 761 2154 Non
793 2089 957 2154 miramur
986 2090 1021 2154 in
1053 2079 1191 2156 vetusta
1222 2093 1366 2172 imagine
1389 2091 1488 2156 multa

352 2197 493 2262 inveniri
529 2213 612 2278 quae
643 2196 678 2261 in
709 2196 919 2262 concordiam
953 2201 1123 2278 nequeant
1165 2200 1268 2279 redigi
1306 2200 1403 2282 idque
1436 2199 1486 2263 liet

351 2303 510 2384 quamdiu
541 2303 727 2382 indigentia
748 2302 908 2368 mortales
931 2304 1059 2385 adiget,
1084 2309 1125 2370 ut
1150 2322 1224 2371 sese
1246 2306 1288 2371 ad
1312 2307 1412 2372 unius
1433 2305 1487 2369 Dei

352 2425 474 2473 nomen
504 2409 687 2491 applicent,
722 2426 928 2490 quamquam
961 2427 1028 2475 non
1053 2411 1139 2475 satis
1163 2410 1369 2496 intelligant,
1394 2413 1486 2477 diver-

352 2515 501 2580 sissima
517 2532 590 2580 esse
631 2533 772 2596 quorum
802 2515 943 2597 quisque
976 2516 1134 2596 indigeat.
1171 2517 1250 2583 Sero
1284 2519 1420 2584 demum
1440 2535 1487 2583 res

351 2622 394 2687 ad
417 2637 561 2688 examen
585 2624 726 2688 vocatur
748 2625 851 2704 atque
874 2623 1039 2705 incipiunt
1061 2625 1247 2705 pugnantia
1270 2625 1486 2691 discriminare

343 2731 387 2792 -et
409 2728 599 2793 consimiles
618 2729 839 2809 proprietates
859 2716 1015 2809 peculiari
1035 2722 1397 2814 nomineconjnngere,
1410 2731 1486 2813 quod

351 2851 474 2923 nomen
496 2837 754 2913 cognomentum
777 2852 851 2901 esse
874 2836 1023 2918 videtur,
1048 2837 1106 2901 sed
1125 2855 1240 2903 revera
1260 2839 1485 2921 propriumne·

352 2957 430 3005 men
461 2942 515 3005 est
547 2941 619 3005 eius
641 2942 773 3007 divinae
796 2944 1024 3026 proprietatis,
1051 2962 1152 3025 quam
1176 2945 1353 3026 praecipuo
1376 2947 1486 3011 honore

351 3048 503 3112 homines
534 3051 789 3129 prosequuntur.
824 3049 896 3113 Hoc
919 3051 1066 3116 maxime
1090 3052 1186 3117 modo
1210 3055 1396 3117 naseuntur
1420 3050 1485 3119 Ζεὺς

351 3151 594 3232 νεφεληγερέτης
626 3156 661 3218 ei
693 3152 768 3224 Ζεὺς
802 3154 976 3233 μειλίχιος,
1008 3156 1125 3237 Apollo
1157 3157 1354 3223 Smintheus
1378 3161 1413 3223 61
1434 3157 1485 3238 Py·

352 3260 446 3324 thius
476 3260 604 3341 Apollo.
632 3295 671 3306 —
697 3260 779 3326 Post
810 3262 918 3327 multa
949 3264 1098 3343 saecula,
1125 3264 1211 3344 quod
1235 3263 1385 3329 mirabile
1407 3264 1486 3327 dictu

352 3368 421 3448 est,
448 3369 611 3430 conantur
633 3366 792 3432 mortales
812 3368 891 3440 olim
909 3368 1138 3435 discriminata
1157 3369 1281 3433 iterum
1300 3371 1485 3452 conjungere

351 3474 386 3536 et
417 3470 527 3535 varias
558 3472 775 3552 proprietates
808 3475 843 3539 in
877 3474 977 3539 unius
1009 3474 1069 3540 Dei
1096 3477 1198 3555 caput
1220 3477 1434 3556 coacervant,
1456 3474 1487 3537 ut

352 3576 503 3641 Bacchus
532 3579 649 3657 exeat,
683 3595 783 3657 quem
814 3582 856 3647 ab
888 3580 971 3645 Jove
1003 3580 1193 3660 dignoscere
1218 3597 1375 3662 nequeas.
1399 3578 1486 3661 Apud

354 3682 497 3747 Graecos
520 3684 555 3747 11
578 3683 748 3749 Romanos
771 3689 859 3752 certe
883 3686 936 3751 lex
961 3687 1146 3751 secundum
1168 3704 1270 3767 quam
1288 3687 1425 3752 deorum
1442 3702 1486 3749 na·

267 3820 269 3825 ·
354 3790 432 3852 tura
455 3790 625 3870 mutatur,
651 3788 759 3855 tribus
782 3792 892 3857 verbis
912 3791 1120 3873 continetur,
1143 3791 1270 3857 scilicet
1290 3792 1484 3867 confusione,

353 3892 545 3977 diffusione,
565 3894 783 3961 concretione.
804 3897 877 3962 Hae
897 3898 1032 3963 suntin
1053 3898 1213 3978 cuiusque
1233 3898 1286 3962 dei
1307 3898 1381 3963 vita
1404 3895 1485 3979 quasi

353 4003 474 4065 metae.
1333 4018 1335 4021 ·

391 4235 607 4301 nmmo

391 4310 669 4382 ammma

391 4399 624 4465 amum

389 4480 624 4548 amma

391 4562 623 4630 mmmm
