3192 5325
606 603 648 670 67

69 792 182 870 legibus
209 793 385 874 utebatur,
422 792 483 856 hoc
514 790 647 871 quidem
679 788 839 867 effugium
863 805 1070 870 nequaquam
1095 793 1198 872 patet.

70 898 184 962 lierine
212 899 326 978 potest
359 899 400 961 ut
431 914 520 961 unus
555 896 707 976 idemque
731 894 873 975 scriptor
897 893 1116 974 glossulaliam
1140 897 1201 978 pri-

71 1021 152 1068 mum
180 1003 331 1084 impense
360 1003 496 1084 probet,
524 1001 642 1066 deinde
671 999 825 1065 restricte
849 1001 983 1084 probet,
1010 1019 1088 1066 mox
1112 1002 1201 1067 haud

70 1110 143 1174 satis
175 1109 258 1174 sciat
294 1109 456 1173 debeatne
491 1106 723 1172 commendare
757 1105 886 1170 necne?
923 1105 1045 1170 Contra
1080 1107 1202 1188 triplex

71 1214 203 1279 eiusdem
231 1215 279 1278 rei
302 1213 523 1280 consideratio
549 1212 707 1277 miraculo
731 1228 798 1276 non
822 1211 886 1275 erit
910 1211 945 1275 in
969 1212 1202 1293 compilatione

71 1321 225 1386 variorum
243 1321 526 1403 fragmentorum,
549 1336 634 1400 quae
655 1317 805 1383 redactur
824 1335 1036 1399 quacumque
1049 1319 1088 1384 de
1102 1338 1203 1385 causa

73 1427 167 1507 perire
189 1427 307 1492 noluit.
423 1413 444 1482 ’-

111 1531 147 1596 Π.
178 1532 254 1598 Jam
278 1532 385 1598 multo
409 1532 531 1598 melius
554 1534 694 1614 apparet
716 1532 824 1612 qualis
848 1531 900 1596 vir
926 1531 1050 1598 Paulus
1074 1533 1202 1614 Episco-

71 1656 126 1718 pus
144 1638 251 1704 luent.
276 1638 370 1703 Ante
393 1639 506 1704 omnia
531 1637 714 1703 Ecclesiam
734 1639 829 1702 amat
848 1637 1051 1720 minimeque
1072 1639 1204 1703 dubitat

72 1745 141 1824 quin
171 1745 336 1810 Ecclesiae
359 1747 471 1811 totum
495 1762 614 1826 corpus
637 1745 750 1824 legum
774 1743 984 1809 salutiferum
1008 1745 1070 1826 sit;
1095 1743 1204 1824 magis

73 1850 239 1916 delectatur
269 1854 368 1917 rebus
400 1868 484 1933 quae
515 1851 691 1933 adipsum
714 1850 834 1929 agendi
857 1867 1011 1916 normam
1035 1851 1205 1932 pertinent

74 1973 160 2035 quam
199 1957 488 2040 disquisitionibus
522 1956 715 2036 theologicis
751 1959 787 2022 et
822 1956 1071 2038 philosophicis;
1108 1957 1205 2021 modo
1306 2021 1311 2032 ,

74 2079 176 2128 omnes
197 2063 286 2129 idem
309 2063 475 2144 sentiant,
501 2081 621 2144 parum
644 2062 746 2127 refert
770 2063 947 2142 sapiantne
971 2080 1014 2127 ex
1034 2080 1094 2128 suo
1114 2062 1206 2128 fonte

74 2185 111 2232 au
132 2186 170 2234 ex
192 2169 309 2235 alieno.
334 2170 403 2234 Nec
426 2172 543 2235 tamen
566 2170 749 2251 quidquam
772 2167 861 2234 ultra
882 2169 1044 2249 praestari
1064 2168 1204 2250 poterit,

76 2291 162 2353 quarn
190 2279 230 2341 ut
261 2292 379 2340 omnes
410 2294 469 2340 suo
489 2293 579 2340 more
602 2275 759 2357 modoque
787 2274 895 2359 ,idem
919 2275 1064 2339 dicant''.
1090 2275 1206 2356 Itaque

76 2395 109 2444 ea
138 2382 171 2445 in
203 2382 341 2448 ecclesia
375 2398 477 2462 quam
511 2381 642 2461 flagitat
677 2381 809 2462 unitae,
843 2398 917 2446 esse
946 2382 1044 2446 debet
1068 2381 1140 2446 sive
1163 2398 1206 2446 ex

76 2487 248 2553 animorum
270 2487 500 2553 conciliatione
523 2487 595 2552 sive
614 2504 656 2552 ex
676 2487 915 2567 conventione;
936 2485 1019 2551 nihil
1038 2486 1207 2568 proficitur

77 2592 101 2655 si
120 2594 216 2659 altera
239 2592 411 2659 sententia
433 2592 574 2658 alteram
597 2593 776 2658 diremerit.
811 2593 885 2658 Non
909 2595 1138 2675 assequuntur
1162 2592 1208 2673 pii

77 2698 214 2766 homines
243 2701 276 2765 id
300 2700 386 2781 quod
409 2716 583 2765 summum
597 2704 675 2783 est,
701 2700 861 2780 neglectis
885 2700 960 2766 aliis
983 2717 1124 2782 quorum
1148 2699 1207 2763 for-

78 2805 155 2870 tasse
176 2824 244 2872 non
268 2808 321 2871 est
342 2806 450 2871 minor
469 2806 692 2888 praestantia;
716 2807 774 2872 sed
794 2808 882 2887 quod
901 2808 1017 2888 cuique
1035 2823 1209 2871 summum

79 2914 137 2995 est,
163 2912 298 2978 etiamsi
331 2912 479 2977 multum
514 2912 693 2994 discrepet,
728 2914 785 2995 jus
817 2929 918 2977 suum
950 2930 989 2978 ao
1020 2912 1116 2993 quasi
1139 2929 1209 2992 pos·

79 3018 245 3085 sessionem
267 3018 416 3084 obtinere
434 3016 542 3083 debet.
562 3017 716 3084 Servitur
734 3019 798 3098 legi
816 3022 851 3084 et
872 3017 1125 3098 contradicitur;
1148 3017 1208 3081 vix

80 3123 154 3188 enim
182 3142 266 3207 opus
296 3127 350 3190 est
380 3125 520 3189 barbara
550 3124 710 3190 vocabula
732 3125 918 3190 adscribere
942 3128 978 3190 et
999 3122 1209 3203 legalismum

80 3229 108 3290 et
133 3230 407 3296 antinomismum
438 3247 580 3311 crepare.
618 3229 780 3295 Studetur
812 3235 846 3297 et
876 3233 976 3296 rebus
999 3234 1034 3295 et
1059 3232 1101 3296 iis
1125 3248 1209 3311 quae

80 3336 176 3399 mente
197 3335 435 3401 tantummodo
458 3336 719 3417 complectimur.
744 3337 949 3402 Adscisount
967 3339 1107 3401 externa
1118 3337 1209 3402 auxi-

80 3434 116 3502 lia
140 3441 301 3523 simulque
331 3442 443 3507 omnia
472 3431 692 3507 committunt
714 3442 775 3507 Dei
797 3445 933 3523 gratiae.
970 3442 1209 3524 Unusquisque

82 3545 123 3607 est
142 3548 190 3612 sui
209 3546 296 3629 J‘uris
319 3549 354 3611 et
376 3547 441 3612 sibi
465 3547 527 3613 soli
549 3547 638 3627 leges
662 3540 857 3629 praescribit
880 3566 941 3614 neo
960 3552 1076 3613 tamen
1095 3548 1209 3614 minus

82 3646 205 3717 frutmm
221 3652 491 3719 communionem
511 3653 666 3719 omnibus
685 3654 784 3719 rebus
806 3653 991 3734 anteponit.
1013 3652 1118 3717 Sicuti
1130 3653 1209 3719 solis

83 3750 177 3822 lumen
208 3759 291 3823 dum
325 3758 548 3838 repercutitur
579 3758 673 3823 varie
704 3758 871 3825 coloratur
901 3761 936 3823 et
964 3762 1078 3823 tamen
1102 3776 1210 3824 unum

85 3863 139 3941 est,
160 3863 206 3930 sic
226 3864 260 3930 id
285 3864 372 3945 quod
397 3864 433 3928 in
456 3864 612 3943 religione
635 3867 689 3929 est
709 3882 900 3947 summum,
922 3865 1004 3930 dum
1016 3865 1052 3929 in
1064 3864 1210 3930 humano

85 3970 326 4041 muraneum
349 3970 511 4050 capessit,
535 3970 646 4035 varias
669 3970 778 4035 induit
804 3972 928 4036 formas
951 3973 987 4035 et
1010 3970 1106 4051 quasi
1129 3970 1208 4049 figu-

39 4149 40 4152 ,
86 4082 128 4134 ras
147 4076 379 4155 repraesentat.
404 4075 510 4139 Omne
534 4076 621 4156 quod
646 4076 854 4155 experientia
877 4076 971 4141 docet
991 4093 1069 4140 cum
1090 4076 1211 4140 sancti·

39 4197 40 4226 1
87 4179 179 4243 monia
196 4181 387 4261 cohaerere,
410 4197 488 4245 vere
501 4182 606 4261 spirat
618 4181 819 4260 religionem.
834 4182 986 4246 Fanatici
998 4180 1080 4245 nihil
1092 4180 1212 4245 horum

40 4325 42 4370 ,
88 4277 271 4369 intelligunt,
317 4286 431 4368 itaque
465 4304 533 4352 non
569 4290 650 4352 sunt
685 4288 909 4353 fanaticorum
943 4287 1118 4368 ecclesiae,
1154 4288 1212 4352 sed

41 4389 42 4426 ¹
91 4391 181 4456 seca
201 4395 351 4458 tantum.
769 4453 772 4459 .
902 4450 903 4453 ,

123 4492 186 4562 Hoc
205 4498 357 4564 omnium
380 4498 504 4580 optime
526 4497 694 4565 intellexit
715 4498 861 4565 Ecclesia
882 4500 1049 4567 Catholica
1069 4501 1211 4581 indeque

91 4602 185 4667 crevit.
207 4604 281 4670 Non
305 4605 443 4671 obscure
466 4622 506 4671 ea
524 4622 578 4671 res
595 4608 734 4688 apparet
755 4605 791 4671 in
810 4606 950 4672 historia
970 4606 1112 4673 canonis
1126 4605 1212 4671 Novi
