3192 5325
908 515 971 579 144

366 692 509 772 ὁμαρτθα
540 692 631 773 νεκρά
662 697 735 778 (9·);
766 693 909 768 ἐλθούσης
933 703 988 769 τῆτ
1014 695 1136 770 ἐντολῆς
1161 697 1178 769 ri
1203 694 1345 771 ἁμαρτία
1368 691 1499 774 οὲνέζῆοεν

365 803 432 879 (9⁰).
464 802 600 868 Etenim
631 803 771 868 absente
801 803 904 886 Lege,
938 802 1021 867 nihil
1050 804 1105 868 est
1135 803 1339 883 quocontra
1361 801 1501 866 nitamur

364 925 426 973 666
457 907 639 992 resistitur,
675 908 733 974 sed
760 911 939 990 postquam
973 909 1119 989 primum
1142 907 1213 972 Lex
1236 907 1354 988 pedem
1376 906 1496 988 intulit,

362 1014 532 1080 excitatur
568 1015 687 1096 cupido
716 1014 750 1079 id
781 1015 923 1080 faciendi
958 1015 1044 1096 quod
1072 1013 1193 1079 abhinc
1226 1016 1401 1095 peccatum
1433 1028 1498 1077 6666

366 1119 534 1185 novimus.

366 1240 369 1246 '
410 1224 437 1289 0
467 1225 617 1291 nefastos
649 1225 747 1306 Legis
778 1226 926 1293 fruetus!
958 1227 1038 1292 Fuit
1072 1225 1177 1299 ἕντολῆ
1201 1225 1242 1296 εἰς
1268 1223 1396 1289 θάνατον
1419 1223 1497 1308 (11)1

358 1331 523 1409 'Apamia
558 1331 609 1395 διὰ
641 1338 697 1404 τῆς
722 1330 844 1403 ἐντολῆς
870 1331 941 1416 (661
966 1333 1106 1413 scriptor
1128 1331 1170 1398 ad
1192 1329 1312 1411 logices
1335 1329 1498 1412 praecepta

365 1454 432 1502 non
465 1436 622 1514 οὶμαρτίαν
653 1438 711 1503 sed
743 1438 867 1510 ἒντολῆν
890 1437 1053 1520 appellare
1075 1438 1244 1514 debuerat)
1268 1434 1442 1511 ἐξῆτοίτῆσέ
1463 1457 1497 1509 με

363 1539 417 1607 καὶ
431 1592 439 1608 .
454 1592 462 1609 .
477 1593 508 1609 ..
540 1541 703 1607 deturant
735 1567 784 1618 με.
823 1545 886 1611 Ρ61
911 1561 948 1609 66
971 1545 1027 1609 lex
1049 1544 1175 1609 bonum
1198 1546 1269 1618 est;
1291 1543 1364 1624 ipse
1387 1541 1499 1608 fundus

362 1649 551 1730 praeclarus
581 1653 635 1716 661
670 1652 706 1715 61
738 1667 781 1716 ex
813 1653 887 1733 ipsa
919 1651 1048 1715 virtute
1078 1649 1249 1716 derivatus
1279 1652 1349 1734 est,
1375 1649 1501 1716 sedeur

364 1756 502 1821 tandem
526 1757 688 1823 malorum
711 1757 934 1822 irritamentis
954 1757 1143 1822 humanum
1166 1772 1273 1835 genus
1295 1755 1444 1822 traduxit
1463 1754 1500 1818 ad

367 1862 517 1941 flagitia?

409 1969 481 2033 Hoc
511 1973 565 2035 661
590 1971 692 2050 igitur
715 1970 802 2052 quod
826 1973 960 2052 torquet
988 1969 1201 2050 scriptorem:
1221 1969 1388 2051 praeclara
1410 1969 1500 2033 verba

362 2074 444 2153 legis
476 2078 558 2140 sunt
593 2077 773 2158 eademque
802 2075 857 2142 lex
887 2077 1016 2141 letifera
1046 2076 1128 2140 fuit!
1169 2076 1291 2140 Fuitne
1314 2075 1417 2154 igitur
1435 2073 1499 2155 ipsa
1571 2123 1572 2174 ,

366 2181 476 2245 virtus
506 2199 607 2247 causa
638 2185 783 2249 mortis?
821 2183 884 2248 Sed
910 2183 972 2247 hoc
994 2182 1066 2247 1611
1085 2182 1218 2264 nequit:
1243 2181 1276 2244 τὸ
1302 2181 1418 2256 ἀγαθὸν
1440 2177 1497 2254 ἐμοὶ

368 2283 489 2362 ἐγένετο
526 2287 671 2372 dducam
702 2292 745 2362 μῆ
781 2288 914 2366 γένοντοῐ
951 2288 986 2352 Si
1014 2289 1168 2369 auderet,
1193 2289 1316 2368 Legem
1339 2288 1499 2353 accusaret

367 2394 404 2456 61
434 2393 572 2459 diceret:
604 2413 673 2462 non
697 2413 751 2461 me
771 2396 942 2461 meliorem
965 2394 1099 2459 reddere
1122 2395 1275 2476 potuisti,
1301 2394 1369 2460 imo
1391 2409 1442 2460 me
1462 2393 1499 2456 ab

367 2503 458 2563 recta
481 2500 537 2564 via
560 2501 746 2568 abduxisti:
771 2504 884 2584 itaque
906 2505 942 2566 te
967 2500 1058 2567 Deus
1081 2500 1235 2568 abolevit.
1480 2577 1482 2582 Α

410 2603 475 2671 Sed
498 2605 565 2673 tale
588 2609 666 2690 quid
689 2627 757 2676 non
781 2609 884 2676 audet
907 2608 1014 2675 dicere
1034 2611 1213 2691 manetque
1230 2610 1414 2675 secundum
1430 2623 1498 2675 cum

365 2711 497 2793 Moyses
520 2713 704 2800 legislator,
728 2733 829 2797 quem
852 2715 954 2781 israel
977 2716 1092 2781 audiet
1113 2715 1150 2780 in
1172 2719 1372 2797 perpetuum
1396 2714 1496 2808 (Exod-

367 2818 425 2900 19,
451 2818 496 2903 9).
529 2820 617 2885 Hinc
641 2822 821 2901 negligitur
842 2821 928 2902 quod
952 2821 988 2885 in
1012 2821 1257 2902 comparatione
1280 2822 1421 2888 tertium
1441 2820 1498 2885 166-

364 2926 428 2989 rat.
452 2924 559 2990 Sicuti
579 2931 686 3010 nupta
709 2928 828 2993 mulier
846 2927 959 2992 mariti
978 2930 1086 2993 morte
1105 2945 1123 2993 e
1143 2944 1246 2993 manu
1265 2927 1354 3013 exit,
1379 2928 1426 2994 sic
1446 2944 1499 2993 nos

365 3030 463 3110 Legis
486 3031 665 3114 imperium
688 3035 845 3100 exuimus
868 3032 1034 3115 spirituali
1057 3034 1173 3099 morte.
1205 3033 1333 3099 Verum
1352 3048 1498 3116 quorsum

365 3154 456 3202 nunc
487 3139 633 3219 pertinet
660 3139 887 3223 comparatio?
910 3139 993 3219 Quid
1017 3139 1159 3204 attinuit
1181 3140 1298 3207 afferre
1319 3139 1498 3221 exemplum

367 3242 497 3324 mariti,
521 3246 578 3326 qui
601 3246 685 3311 dum
708 3248 869 3329 moritur,
896 3246 994 3311 uxori
1018 3246 1126 3311 reddit
1145 3244 1350 3331 libertatem,
1365 3248 1395 3313 si
1413 3245 1498 3327 scrip·

365 3350 419 3412 tor
444 3349 531 3429 fugit
554 3351 676 3433 dicere,
700 3351 805 3417 etiam
827 3351 966 3432 Legem,
990 3369 1096 3432 quum
1122 3350 1239 3417 itidem
1262 3352 1427 3418 interierit
1446 3366 1498 3417 nos

366 3453 402 3517 in
430 3452 620 3522 libertatem
649 3458 852 3523 restituere?
891 3458 1056 3523 Remanet
1078 3458 1256 3523 verborum
1277 3458 1417 3524 fortuita
1438 3474 1499 3523 con-

370 3559 555 3645 venientia,
587 3564 749 3644 primum:
782 3565 835 3628 ἐὰν
871 3563 901 3627 δὲ
938 3559 1118 3641 οὲτοθνθνρ
1147 3561 1161 3625 l
1185 3564 1276 3644 ανῆρ,
1301 3561 1499 3633 1616161111

367 3664 455 3743 ὑμεῖς
478 3666 760 3741 ἐθανατώθητε
785 3672 827 3748 τῷ
851 3668 941 3747 νθαῳ.

413 3773 478 3837 Η16
509 3774 617 3840 solum
650 3775 935 3842 animadversione
957 3776 1094 3856 dignum
1118 3778 1187 3858 661,
1213 3778 1409 3858 scriptorem
1430 3772 1501 3843 nihil

369 3879 488 3945 melius
524 3881 712 3961 excogitare
741 3883 906 3964 potuisse,
940 3886 981 3947 ut
1013 3883 1111 3961 Legis
1142 3884 1378 3949 auctoritatem
1401 3880 1499 3949 interi-

371 3987 487 4050 meret.
514 3986 636 4067 Legem
661 3989 809 4055 sterilem
832 4004 905 4054 esse
929 3987 1111 4073 intellexit,
1139 4005 1200 4056 nec
1223 3992 1338 4055 tamen
1362 3988 1500 4055 sollicitu-

369 4092 427 4156 tur
463 4094 662 4159 auctoritas:
699 4095 851 4175 sequitur
882 4110 959 4158 eum
990 4094 1078 4159 ultro
1110 4094 1257 4177 ultroque
1277 4096 1406 4178 Jactari.
1439 4093 1500 4157 Lex

370 4194 482 4262 divina
513 4201 566 4264 661
595 4201 631 4263 61
661 4201 746 4266 bona
776 4201 813 4266 et
833 4200 926 4282 Justa
949 4200 1125 4281 praecipit:
1151 4202 1266 4265 tamen
1290 4200 1500 4265 intermortua

370 4304 440 4385 est,
473 4304 553 4384 quin
584 4308 619 4371 et
652 4306 809 4371 mortales
840 4306 947 4371 reddit
977 4302 1499 4385 6616111166τ1τερο1ρῆμεν1

369 4415 409 4487 τῆ
442 4410 532 4488 σαρνθ
561 4411 627 4495 (hie
659 4428 788 4494 quoque
810 4406 845 4475 ὲ
870 4408 983 4496 νθμῳ),
1008 4410 1049 4475 τοὶ
1074 4412 1248 4487 παθήματα
1272 4412 1329 4474 τῶν
1354 4410 1499 4492 ἁμαρτιῶν

371 4511 519 4594 ἕνερρεῖτο
544 4516 574 4581 ἐν
597 4526 659 4589 τοῖς
684 4517 809 4594 μέλεσιν
835 4516 916 4594 ἡμῶν
939 4518 981 4589 εἰς
1003 4518 1037 4582 τὸ
1062 4522 1292 4600 καρποφορῆσαι
1317 4520 1358 4599 τῷ
1379 4515 1497 4597 θανάτῳ.
