3192 5325
634 562 698 630 155

89 757 126 805 se
162 746 334 809 susurrat:
368 743 482 818 ἐλεήσει
516 739 547 807 ὃν
580 741 618 807 ἂν
652 743 725 808 ἐλεῶ
749 746 785 810 et
808 761 904 824 eum,
929 744 987 825 qui
1009 744 1095 826 quod
1123 745 1164 808 ad
1188 743 1240 808 ad-

90 848 279 913 versarium
312 850 420 916 iuerat
444 851 589 932 dietum,
615 850 767 916 extendit
791 849 967 916 crudeliter
990 850 1031 915 ad
1050 867 1184 915 omnes:
1210 845 1241 912 ὃν

89 952 169 1015 θὲλει
195 953 294 1037 ε’λεεῑ,
318 949 350 1018 ’ὃν
374 952 405 1017 t}
431 955 509 1019 θέλει
534 955 703 1033 σκληρύνει.

132 1059 216 1126 Inde
239 1079 259 1124 a
283 1079 352 1126 vss.
378 1064 421 1126 20
444 1081 516 1144 sqq.
541 1063 646 1128 etiam
668 1062 798 1141 longius
818 1079 1031 1128 removemur
1049 1079 1071 1125 a
1090 1078 1160 1125 vss.
1174 1061 1233 1123 6-

93 1165 144 1227 16.
170 1166 328 1246 Quaestio
351 1186 434 1233 num
458 1169 542 1235 forte
566 1169 657 1234 Deus
679 1185 738 1249 pro
758 1168 894 1250 justitia
918 1185 979 1232 sua
1000 1165 1241 1247 Israelempar·

89 1270 155 1334 tim
184 1274 357 1354 reprobare
390 1274 513 1358 possit,
541 1275 719 1356 conjuncta
741 1274 876 1354 quidem
900 1276 953 1338 est
976 1272 1120 1353 quodam
1144 1272 1241 1336 modo

90 1393 169 1440 cum
200 1377 305 1443 altera
335 1380 547 1462 quaestione,
579 1379 730 1460 possitne
761 1378 852 1444 Deus
883 1394 1008 1460 poenas
1040 1377 1171 1456 exigere
1198 1377 1240 1441 ab

91 1498 129 1545 eo
161 1483 220 1563 qui
250 1485 451 1567 peccaverit,
485 1503 591 1566 quum
622 1486 693 1566 ipse
723 1485 875 1550 omnium
899 1484 1062 1548 bonorum
1085 1485 1120 1547 et
1143 1480 1241 1546 malo-

89 1605 166 1652 rum
198 1591 314 1655 auctor
345 1591 392 1654 sit
419 1591 606 1671 habendus;
641 1591 698 1656 sed
722 1590 753 1655 is
783 1591 840 1671 qui
871 1589 1006 1669 scripsit
1035 1605 1104 1653 vss.
1129 1588 1240 1651 6-16

90 1693 182 1758 haud
199 1693 293 1759 facile
316 1696 583 1778 philosophomm
607 1713 698 1761 more
720 1695 934 1777 quaestiones
956 1693 1028 1759 11133
1051 1697 1123 1759 tarn
1148 1709 1240 1772 gene·

91 1797 153 1863 rali
177 1800 276 1865 modo
298 1802 541 1882 proposuisset,
562 1817 669 1883 neque
689 1801 859 1866 omisisset
878 1817 935 1865 eas
954 1800 1075 1865 referre
1087 1800 1129 1864 ad
1141 1798 1241 1864 Israe-

90 1904 232 1969 litarum
255 1905 423 1987 populum.
448 1907 523 1972 Non
547 1907 634 1973 redit
655 1908 772 1973 eodem
795 1905 994 1972 contendere
1017 1904 1104 1970 Deos
1122 1903 1241 1983 eligere

91 2027 176 2090 quos
208 2010 291 2076 velit
324 2029 367 2077 ex
398 2012 553 2079 Abrahae
582 2014 738 2096 progenie
767 2016 804 2078 et
834 2013 966 2093 docere,
992 2012 1139 2077 divisum
1170 2027 1242 2076 esse

91 2115 292 2181 universum
314 2118 502 2184 humanum
525 2135 632 2198 genus
655 2120 690 2184 in
714 2117 807 2190 σκεύη
832 2116 1062 2196 κατηρτισμένα
1087 2117 1128 2186 εἷς
1149 2117 1241 2191 τιμήν

93 2223 129 2284 et
153 2220 197 2289 εἰς
222 2222 364 2298 ἀτιμίαι.
389 2224 509 2290 Odium
529 2225 630 2290 Esavi
649 2215 733 2290 nihil
752 2224 841 2290 aliud
860 2224 970 2290 effecit
983 2224 1047 2288 nisi
1060 2226 1100 2288 ut
1112 2224 1243 2303 pareret

94 2327 214 2408 majori
238 2328 333 2394 fratri
356 2334 421 2408 (vs.
449 2330 513 2414 12),
538 2331 626 2410 quod
653 2347 733 2396 sane
757 2348 825 2395 non
848 2333 901 2394 est
924 2329 1155 2411 honorificum,
1182 2345 1242 2392 nec

93 2433 212 2498 tamen
231 2436 491 2516 comparandum
510 2454 588 2501 cum
600 2452 640 2502 ea
651 2437 810 2519 pernicie,
825 2453 910 2518 quae
921 2437 1111 2500 intentatur
1122 2453 1175 2500 vs.
1189 2436 1241 2498 22.

138 2538 254 2603 Etiam
277 2541 407 2620 longius
430 2542 472 2606 ab
494 2541 653 2607 instituto
674 2558 827 2607 sermone
846 2542 1020 2606 aberratur
1031 2526 1100 2606 vss.
1116 2541 1157 2606 24
1171 2557 1241 2620 sqq.

93 2643 169 2710 Non
199 2645 246 2711 ibi
275 2647 387 2726 agitur
409 2646 449 2711 de
472 2647 632 2713 electione
654 2647 743 2713 inter
765 2646 922 2713 Abrahae
946 2646 1046 2730 filios,
1073 2646 1132 2713 sed
1154 2645 1244 2712 inter

92 2767 149 2815 eos
183 2769 266 2832 quos
298 2750 445 2817 ἐκάλεσεν
477 2754 538 2823 θεὸς
568 2753 601 2829 ἐξ
632 2752 783 2817 Ἰουδαίων
807 2752 858 2816 καὶ
885 2750 919 2827 ἐξ
943 2753 1074 2815 ἐθνῶν·
1099 2752 1243 2817 11110611-

92 2860 193 2935 getur
221 2857 362 2939 populus
392 2860 449 2940 qui
479 2860 522 2924 ad
551 2860 723 2925 Abraham
746 2858 792 2924 nil
817 2859 998 2941 quidquam
1020 2859 1168 2939 pertinet
1190 2875 1242 2922 vs.

94 2963 155 3026 25:
191 2962 312 3026 καλέσαν
342 2964 393 3027 τὸν
425 2966 458 3029 αὖ
491 2962 567 3027 λαθν
598 2988 657 3040 μιν
691 2963 767 3028 λαθν
792 2987 861 3038 μιν.
886 2965 994 3045 Atqui
1018 2966 1245 3043 praecesserat
1342 3020 1345 3024 Δ

94 3085 146 3133 Vs.
174 3069 214 3133 6:
239 3069 299 3150 οὐχ
324 3065 380 3133 οἷον
404 3068 449 3134 θ’τι
475 3069 672 3165 ἐκπέπτωκεν
693 3070 707 3134 θ
732 3070 902 3146 λθγαςτοῦ
926 3071 1062 3149 Ἰσραήλ.

138 3175 202 3241 Vs.
230 3178 271 3241 27
295 3176 422 3241 reditur
444 3178 485 3242 ad
509 3195 560 3242 vs.
586 3177 706 3242 6-16.
732 3177 796 3241 Hic
820 3176 943 3241 iterum
963 3174 1148 3257 explicatur
1166 3174 1244 3238 elec-

93 3282 142 3347 tio
187 3282 282 3346 iotro
316 3282 401 3361 fines
430 3284 549 3365 populi
583 3283 808 3362 Iudaeorum
844 3282 906 3347 hoc
941 3284 994 3347 est
1028 3281 1108 3345 illud
1145 3269 1245 3345 S’ear-
1340 3294 1343 3298 ’

93 3388 219 3453 Ia'soub
248 3387 325 3463 (Jes.
352 3392 380 3471 7,
407 3389 459 3473 3);
489 3390 550 3454 hoc
578 3392 633 3455 est
658 3388 859 3468 ὑπόλειμμα,
884 3388 971 3468 quod
995 3387 1083 3467 apud
1106 3386 1244 3466 Prophe·

93 3495 149 3557 133
174 3492 254 3557 facit
276 3496 453 3574 utramque
475 3495 641 3575 paginam.
668 3494 742 3560 Non
763 3492 939 3574 ,perveniet
962 3491 1064 3557 Israel
1088 3508 1156 3572 quo·
1176 3492 1246 3555 ten-

92 3597 172 3663 dere
203 3597 301 3662 debet
334 3598 401 3663 nisi
430 3601 592 3679 perpetua
614 3599 855 3680 purificatione.
881 3597 930 3662 Ut
954 3596 1092 3662 tandem
1115 3595 1245 3660 univer-

93 3719 153 3767 sus
186 3700 327 3783 populus
360 3702 422 3767 soli
446 3703 514 3767 Deo
537 3707 750 3769 consecretur
773 3703 836 3767 sub
860 3703 997 3784 ejusque
1019 3700 1246 3767 dominatione

91 3806 298 3889 requiescat,
318 3809 480 3873 educatur
497 3808 598 3874 lsrael
618 3808 783 3888 cladibuS,
806 3808 932 3889 exiliis,
950 3807 1113 3887 servitiis,
1126 3806 1246 3871 ultimo

93 3912 238 3992 denique
267 3913 357 3978 vitae
387 3912 588 3978 discrimine.
616 3913 822 3978 iamdudum
846 3912 998 3992 periisset
1021 3910 1123 3975 Israel
1145 3910 1246 3975 sicuti

93 4016 148 4081 alii
182 4015 276 4082 mulli
308 4018 491 4100 perierunt,
517 4018 583 4082 nisi
605 4018 820 4097 incorruptus
844 4017 981 4082 nucleus
1006 4014 1101 4097 quasi
1124 4015 1246 4080 hester-

94 4132 181 4187 num
203 4122 316 4201 ignem
340 4126 500 4203 perpetuo
523 4124 741 4189 servavisset.

140 4227 272 4292 Verum
306 4230 472 4307 quantum
500 4228 581 4292 haee
610 4228 759 4293 doctrina
794 4228 834 4291 de
868 4225 1102 4298 ὑπολείμματος
1137 4226 1246 4291 salute

95 4333 203 4397 distat
226 4332 268 4396 ab
290 4332 346 4397 1113
367 4332 513 4398 horribili
538 4333 703 4416 doctrina,
729 4350 814 4414 quae
839 4350 907 4398 vss.
935 4332 1066 4396 17-23
1089 4332 1244 4397 traditur.

93 4437 134 4502 In
165 4436 222 4501 illa
253 4436 354 4502 finem
386 4437 534 4504 ethicum
564 4439 793 4520 agnoscimus,
827 4454 892 4519 quo
917 4441 1068 4517 tempore
1091 4456 1158 4502 non
1182 4438 1245 4502 sin-

94 4542 251 4621 gulorum
271 4543 396 4608 civium
414 4545 500 4608 ratio
518 4543 718 4626 habebatur,
740 4544 798 4609 sed
818 4542 969 4609 universi
989 4543 1110 4623 populi.
1134 4544 1173 4607 In
1185 4543 1246 4609 hac
