3192 5325
863 562 932 629 260

325 770 431 833 genus
467 750 546 817 olim
582 749 670 814 sevit
700 751 735 813 et
758 746 921 826 excoluit3
945 746 1042 811 modo
1065 746 1183 812 adoras
1206 746 1293 827 quod
1315 764 1383 812 non
1405 746 1466 812 nisi

325 857 639 940 praestantissimus
674 854 815 937 quisque
849 850 1030 932 intelliget;
1065 852 1163 917 modo
1196 853 1320 918 annuis
1353 852 1464 935 saluti,

326 980 411 1044 quae
442 962 598 1027 universo
630 959 808 1025 hominum
839 957 950 1038 generi
981 958 1180 1022 ostenditur.
1216 958 1280 1023 Sed
1304 957 1368 1024 alio
1390 962 1466 1023 tem-

325 1086 403 1150 pore
433 1067 515 1132 nihil
546 1066 725 1145 distinguis
756 1067 888 1146 praeter
918 1063 1171 1129 acerbissimam
1192 1064 1348 1129 omnium
1370 1066 1466 1130 homi·

325 1192 409 1240 num
431 1190 609 1254 rerumque
632 1172 783 1238 omnium
806 1169 1080 1248 exagitationem.
1115 1170 1274 1254 „Nonad
1296 1172 1400 1252 plebis
1418 1188 1466 1252 pa·

325 1278 472 1345 lat-um”:
496 1280 545 1344 ita
569 1277 749 1359 mussitas,
773 1276 831 1341 sed
850 1292 932 1341 mox
953 1273 1080 1355 raperis
1097 1275 1301 1341 ineluctabili
1320 1276 1356 1341 vi
1375 1292 1466 1342 verae

325 1386 555 1467 pulcritudinis
578 1386 614 1449 et
636 1382 768 1448 divinae
787 1381 939 1447 virtutis.

372 1491 446 1555 Non
475 1490 623 1556 ostendit
653 1489 733 1553 haec
761 1487 872 1567 imago
894 1486 1058 1568 virtutes,
1084 1504 1170 1568 quae
1192 1488 1277 1553 forte
1300 1487 1465 1569 aliquando
1521 1513 1525 1517 ·

326 1597 435 1676 magis
465 1613 567 1677 quam
590 1595 672 1660 alias
696 1595 731 1659 in
754 1594 878 1659 honore
901 1590 1054 1673 fuerunt;
1081 1611 1161 1657 nam
1185 1611 1249 1674 quo
1269 1593 1377 1672 magis
1395 1592 1464 1657 talis

325 1703 436 1782 imago
467 1704 557 1767 certo
588 1699 732 1780 tempori
763 1698 930 1780 certisque
957 1698 1148 1763 hominibus
1171 1696 1347 1780 placuerit,
1371 1717 1408 1763 eo
1429 1698 1463 1761 ci·

327 1810 396 1873 tius
431 1808 644 1873 consenescat
678 1806 807 1887 eritque
837 1806 953 1871 eodem
984 1804 1053 1869 loco
1080 1821 1145 1885 quo
1174 1805 1265 1886 picta
1287 1804 1410 1887 tabule,
1432 1805 1463 1867 in

328 1932 394 1996 qua
424 1914 629 1978 vestimenta
660 1910 756 1977 hodie
784 1911 931 1976 obsoleta
951 1910 1061 1975 nescio
1085 1928 1184 1992 quern
1207 1912 1391 1976 vetustatis
1408 1911 1463 1975 ioe-

327 2024 435 2087 torem
463 2020 651 2083 traxerunt.
685 2017 777 2083 Haec
799 2018 910 2095 imago
932 2034 1000 2081 non
1023 2016 1177 2096 exposita
1199 2019 1253 2081 est
1275 2022 1315 2081 ut
1337 2016 1464 2081 admire-

326 2126 390 2205 ris,
421 2141 488 2189 non
510 2125 550 2187 ut
573 2122 733 2188 imiteris:
757 2122 790 2186 id
814 2125 904 2187 certe
928 2139 996 2187 non
1019 2139 1097 2202 prae
1120 2122 1240 2188 ceteris
1262 2122 1389 2203 agitur;
1412 2122 1463 2187 sed

326 2230 469 2295 formam
500 2228 628 2309 accepit
659 2227 692 2292 id
720 2228 807 2309 quod
838 2244 1012 2292 summum
1048 2228 1121 2301 est,
1151 2228 1193 2292 ad
1221 2228 1307 2308 quod
1328 2228 1464 2309 aspirare
1566 2289 1567 2292 ,

327 2350 518 2416 possumus.
550 2333 651 2397 Hunc
680 2332 854 2398 Christum
883 2332 1056 2397 intuentes
1086 2332 1247 2397 incedunt·
1270 2333 1410 2398 Thomas
1431 2332 1465 2395 16

327 2440 424 2505 Turri
456 2439 628 2517 (tremata,
657 2437 781 2520 Loyola
801 2440 837 2503 et
860 2437 1037 2517 Calvinus;
1062 2437 1260 2503 Franciscus
1283 2439 1414 2504 Asisius
1434 2438 1464 2500 et

327 2544 570 2624 Melanchthon;
589 2542 1462 2623 161111111161Ρ111161111;16611116111Μ11111611

325 2650 410 2717 ludit
435 2649 561 2732 infans,
574 2649 629 2714 611
640 2648 794 2716 Salvator
806 2648 902 2715 modo
914 2646 1095 2714 benedixit.
1119 2648 1184 2715 Hic
1195 2667 1274 2715 vere
1285 2650 1339 2716 ille
1350 2648 1461 2730 estqui

326 2757 410 2822 nihil
421 2755 560 2821 humani
572 2771 592 2820 a
606 2772 642 2819 se
653 2754 799 2821 alienum
811 2758 919 2836 putat.
940 2754 1025 2820 Solis
1037 2757 1149 2819 ortum
1162 2758 1197 2819 et
1209 2772 1373 2838 occasum,
1389 2758 1461 2820 tem·

326 2864 509 2944 1611116111,
535 2860 641 2926 maria
663 2863 765 2942 atque
788 2864 940 2926 montes:
965 2860 1124 2941 quidquid
1144 2877 1224 2926 vere
1244 2862 1461 2927 eximiumest

325 2968 552 3050 unusquisque
572 2983 632 3032 suo
644 2967 775 3032 modulo
786 2966 1041 3047 contemplatur.
1062 2962 1161 3029 Hunc
1173 2965 1346 3032 Christum
1357 2967 1462 3032 adorat
1565 3024 1566 3053 ¹

327 3089 471 3152 magnus
496 3070 695 3152 inquisitor,
720 3087 824 3152 penes
846 3088 947 3151 quem
971 3070 1098 3135 veritas
1117 3073 1171 3134 est
1189 3072 1232 3135 ab
1251 3073 1344 3137 omni
1366 3086 1463 3137 611116

326 3178 508 3258 immunis;
534 3177 576 3241 ad
599 3177 685 3242 hanc
709 3175 892 3254 imaginem
915 3176 1135 3241 conturbatur
1153 3177 1333 3261 scepticus,
1356 3177 1409 3259 qui
1425 3193 1463 3240 61

325 3284 470 3366 pristina
504 3281 568 3348 fide
598 3281 681 3346 nihil
711 3281 845 3348 salvum
875 3282 977 3346 habet
1008 3283 1141 3362 praeter
1170 3282 1276 3348 animi
1305 3283 1462 3365 quandam

325 3387 595 3455 teneritudinem.
640 3387 747 3451 Audit
781 3387 960 3452 monacha:
1004 3386 1058 3471 „in
1091 3388 1332 3453 resurrectione
1364 3402 1461 3468 neque
1564 3412 1565 3437 ι

324 3495 460 3559 nubunt
483 3509 589 3574 neque
613 3493 822 3558 nubuntur”.
858 3491 965 3557 Audit
989 3493 1116 3556 mater:
1144 3493 1258 3578 „pueri
1281 3496 1324 3559 ad
1346 3512 1398 3560 me
1415 3510 1461 3557 ve·

325 3599 455 3666 niant''.
487 3597 641 3663 Ferimus
672 3615 750 3661 cum
773 3615 812 3662 eo
836 3614 968 3663 crucem
991 3599 1027 3661 61
1046 3597 1089 3662 ad
1111 3598 1249 3678 nuptias
1271 3600 1460 3666 adsidemus.

325 3706 432 3771 Audit
453 3704 586 3784 sapiens
606 3702 842 3769 similitudines
862 3702 1045 3784 sapientiae
1066 3702 1183 3782 plenas
1202 3706 1237 3768 et
1255 3705 1360 3771 Maria
1376 3705 1461 3771 sedet

324 3812 366 3876 ad
390 3811 490 3891 pedes
513 3808 657 3890 hospitis
681 3809 875 3874 Bethaniae.
899 3808 957 3872 ille
979 3810 1033 3872 est
1055 3807 1114 3888 qui
1136 3809 1266 3888 perlicit
1288 3812 1372 3892 quod
1390 3811 1461 3876 olim

324 3916 503 3996 prophetae
546 3912 683 3978 fuerant
717 3913 910 3994 vaticinati,
946 3912 1069 3994 quique
1101 3913 1214 3979 omnia
1250 3917 1375 3983 virtute
1407 3932 1463 3980 sua
1563 3934 1564 3961 l

326 4022 476 4086 renovat.
509 4018 609 4098 Apud
633 4035 712 4083 eum
735 4019 883 4100 quietem
907 4018 1040 4083 invenit
1057 4017 1261 4097 defatigatus
1277 4025 1314 4086 et
1331 4021 1419 4087 aocin
1441 4019 1463 4082 't

325 4141 361 4189 se
385 4123 554 4205 apostolus
578 4123 620 4187 ad
645 4122 769 4188 bellum
792 4124 955 4189 adversus
977 4123 1073 4203 lupos
1095 4139 1231 4202 rapaces
1247 4123 1282 4210 ¹).

330 4238 504 4254 ,,,,,-..-.-

361 4309 388 4374 1)
406 4311 500 4374 Operae
523 4309 627 4374 pretium
650 4311 726 4370 foret,
747 4327 802 4360 cum
827 4327 883 4360 curs
908 4311 1031 4361 illustrare
1054 4315 1118 4377 qnod
1135 4313 1176 4363 hio
1192 4314 1270 4363 tribus
1287 4313 1362 4364 verbis
1378 4312 1460 4360 dictum

326 4397 362 4442 est
385 4395 409 4440 et
431 4391 554 4439 ostendere
578 4393 696 4455 quomodo
719 4393 776 4441 illae
797 4394 903 4442 diversae
920 4393 1011 4443 Christi
1028 4395 1143 4458 imagines
1160 4397 1269 4461 deinceps
1285 4395 1398 4446 Faciesise
1413 4391 1460 4442 usui
1562 4464 1563 4467 Ἴ

325 4475 422 4524 luerint.
443 4475 501 4522 Post
517 4473 704 4523 Constantinum
722 4477 840 4538 Magnum
856 4474 918 4523 nihil
937 4475 1048 4526 inutilius
1065 4475 1190 4526 ridebatur
1207 4494 1278 4542 qnam
1295 4477 1459 4528 esotericsdoe

325 4558 405 4614 trina,
429 4557 468 4605 cni
494 4557 619 4622 Christum
643 4555 687 4603 τὸν
710 4553 804 4618 depactio
826 4555 961 4606 tribuimus.
988 4558 1092 4608 Ecclesia
1115 4559 1208 4625 publice
1232 4561 1362 4610 6611111111
1377 4559 1457 4615 inerat,
