3192 5325
608 560 660 634 35'

78 775 135 822 non
162 773 272 838 posse,
306 775 387 821 nam
417 754 562 820 alterum
585 754 801 820 maledictum
824 755 997 836 effugitur,
1024 754 1053 820 si
1077 755 1152 837 quis
1177 771 1213 821 se

76 863 129 942 legi
150 881 214 928 uon
238 862 414 945 subjungit
436 877 543 942 neque
566 862 653 925 hanc
675 861 767 926 vitae
787 879 941 931 normam
961 864 1055 942 sequi
1076 879 1112 928 se
1129 862 1213 927 velle

77 969 250 1049 profitetur;
275 970 380 1034 altero
402 967 591 1033 detruditur
615 967 690 1048 quis
714 966 805 1031 nullo
829 984 890 1032 suo
910 968 1012 1048 vitiu,
1035 966 1214 1032 dummodo

77 1074 106 1138 in
131 1075 215 1154 liguo
247 1074 450 1156 pependerit.
475 1072 579 1137 Serva
602 1072 700 1137 modo
724 1090 776 1137 νε.
804 1073 846 1136 13
870 1074 905 1137 et
928 1073 1126 1138 habebimus
1150 1073 1213 1137 bel-

78 1178 135 1244 lem
155 1198 234 1246 sane
257 1179 482 1245 sententiam:
506 1179 725 1259 ExsecratoS,
757 1216 789 1224 -
820 1196 940 1260 nempe
973 1177 1029 1260 qui
1053 1179 1215 1244 exsecrati

80 1290 163 1370 sunt,
194 1288 352 1368 quoniam
380 1288 575 1352 exsecratus
598 1288 650 1349 est
674 1285 730 1365 qui
754 1303 821 1349 non
845 1288 955 1350 totam
978 1286 1085 1364 legem
1108 1287 1215 1352 obser-

80 1393 162 1457 vavit
178 1410 282 1458 -eos
303 1393 406 1471 igitur
425 1393 540 1457 servat
559 1390 645 1455 alius
657 1394 871 1466 exsecratuS,
886 1392 942 1472 qul
955 1395 1150 1457 exsecratus
1163 1396 1216 1458 est

81 1499 222 1577 quoniam
245 1501 442 1564 exsecratus
464 1500 519 1563 est
542 1497 732 1578 quicunque
753 1496 843 1560 cruci
866 1497 989 1562 affixus
1012 1497 1122 1561 tuerit.
1148 1498 1217 1563 Nec

81 1605 174 1682 magis
197 1605 340 1686 quadrat
363 1622 414 1669 νε.
439 1604 496 1686 14,
520 1603 704 1668 secundum
724 1619 825 1682 quem
846 1603 1049 1668 versiculum
1062 1603 1217 1670 Christus

81 1727 131 1774 nos
145 1712 285 1776 redemit
308 1711 349 1774 ab
372 1710 454 1788 legis
476 1709 721 1788 exsecratione,
736 1703 785 1770 ite
798 1709 840 1776 εἰς
855 1708 897 1770 τὰ
911 1705 976 1782 ἔθνη
991 1711 1007 1782 ἡ
1021 1710 1151 1784 εὐλογίαι
1164 1714 1216 1774 τοῦ

82 1813 220 1891 Ἀβραὰμ
243 1815 372 1891 γένηται
392 1817 422 1877 ἐν
444 1816 542 1887 Ἰησοῦ
556 1816 653 1893 xristi
669 1814 703 1897 ¹).
717 1814 846 1880 Verum
859 1815 921 1881 hoc
932 1833 1218 1896 supervacaneum

82 1921 135 1985 init
151 1924 335 1988 secundum
352 1939 402 1986 νε.
417 1924 455 2002 8,
476 1939 538 1986 nec
557 1937 692 1986 necesse
712 1921 778 1985 suit
797 1921 955 1999 gentibus
971 1921 1089 1987 Jesum
1100 1922 1218 1988 afferre

84 2029 156 2107 quod
177 2028 335 2094 Abrahae
353 2045 455 2093 causa
469 2028 541 2108 jam
560 2027 731 2092 habereut.
752 2026 831 2090 Dete
852 2044 921 2091 νεε.
945 2027 986 2091 13
1007 2030 1042 2091 et
1063 2027 1103 2091 14
1124 2031 1160 2092 et
1178 2028 1220 2092 ad

84 2135 398 2212 argumentationem
417 2131 499 2197 nihil
522 2132 636 2197 deesse
655 2132 880 2197 sentiestnon
892 2134 1005 2212 potest
1016 2131 1220 2198 luculentius

84 2241 201 2305 ostendi
229 2241 292 2305 hos
318 2257 438 2304 versus
471 2236 604 2303 aliunde
635 2237 781 2303 insertos
805 2255 898 2302 esse:
923 2238 1112 2303 ostenditur
1137 2257 1221 2319 quae

85 2342 156 2411 ricc
180 2346 242 2425 sit,
268 2363 352 2425 quae
375 2361 453 2409 vere
477 2342 648 2417 δικαιοσύνη
673 2345 720 2408 sit
742 2345 778 2408 et
798 2343 835 2407 in
855 2359 894 2408 ea
913 2343 1219 2426 demonstratione,

86 2468 141 2528 qua
171 2469 332 2516 arcanum
367 2451 487 2528 dogma
521 2449 737 2531 explanatur,
775 2449 825 2512 ita
860 2448 900 2513 fit
937 2449 977 2513 de
1012 2450 1092 2514 Josu
1127 2467 1222 2515 cruce

87 2558 214 2636 mentio,
229 2559 269 2620 ut
285 2571 384 2620 omne
403 2556 465 2620 hoc
486 2555 559 2620 sine
580 2555 702 2618 damno
725 2554 867 2618 resecari
883 2555 1008 2634 possiti
1033 2555 1091 2620 IV.
1106 2556 1165 2620 Vs.
1181 2557 1222 2620 16

86 2660 236 2739 glossema
257 2661 291 2725 od
315 2658 402 2736 λέγει
421 2699 453 2707 -
474 2657 590 2739 Χριςός.
616 2659 677 2724 Oui
699 2659 848 2741 primum
867 2659 1028 2725 debemus
1051 2662 1163 2726 totum
1182 2662 1223 2729 lo·

87 2784 169 2851 cum,
190 2769 220 2833 is
243 2768 385 2847 scriptor
407 2768 542 2832 nomine
566 2765 721 2830 Abrahae
743 2765 864 2830 sobohs
887 2766 1137 2846 comprehendit
1157 2786 1224 2833 om·

87 2887 138 2935 nes
158 2873 292 2938 omnino
314 2871 441 2954 fideles,
465 2871 553 2952 quod
572 2869 791 2935 manifestum
812 2870 852 2933 fit
864 2888 914 2935 νε.
932 2872 990 2935 19:
1005 2870 1130 2948 σπέρμα
1144 2863 1237 2957 (ueu‘

89 2970 464 3062 1εε111ᾧέπήγγελται.
503 2976 571 3042 Nec
603 2994 685 3041 sane
715 2976 828 3040 liceret
863 2976 1050 3056 pronomini
1083 2978 1224 3043 relativo

88 3081 187 3161 ipsum
221 3084 346 3149 Christi
380 3101 504 3150 nomen
534 3082 750 3148 substituere.
790 3081 831 3146 V.
865 3082 1026 3148 Extremo
1056 3100 1156 3148 versu
1181 3086 1223 3149 24

90 3187 240 3264 glossema
263 3190 305 3259 εἰς
330 3187 446 3266 xersis.
470 3188 607 3253 Etenim
630 3206 682 3252 VS.
707 3187 748 3250 29
771 3191 910 3269 apparet
933 3192 986 3250 τοῦ
1013 3193 1121 3267 χρινοῦ
1146 3185 1223 3253 εἶναι

91 3308 154 3358 esse
176 3295 377 3361 tantundem
401 3298 567 3376 quantum
592 3294 625 3356 ἐκ
650 3294 761 3362 risset
786 3288 874 3357 sisar.
896 3294 1014 3374 Itaque
1037 3294 1071 3356 τὸ
1098 3295 1154 3359 ὑπὸ
1179 3297 1225 3360 vd·

92 3419 138 3470 μον
167 3395 241 3464 εἶναι
269 3418 457 3481 numquam
492 3418 555 3465 nos
577 3401 701 3482 poterit
721 3400 763 3468 εἰς
786 3398 913 3477 χριστὸν
938 3401 1116 3481 perducere
1138 3406 1226 3484 apud

93 3507 290 3588 scriptorem,
316 3506 500 3571 secundum
524 3524 625 3587 quem
652 3508 707 3571 est
728 3509 906 3571 aeternum
928 3505 1050 3571 bellum
1074 3509 1162 3574 inter
1185 3509 1227 3573 νό-

94 3632 140 3682 μον
160 3616 194 3677 et
216 3612 310 3678 πίςιν.
347 3611 557 3689 Παιδαγωγός
581 3629 702 3677 servus
725 3614 795 3696 est,
818 3612 928 3693 quiin
949 3613 1005 3677 via
1024 3631 1144 3694 pueros
1156 3634 1226 3682 cus-

94 3717 182 3799 todit;
214 3737 279 3800 quo
310 3736 413 3783 sensu
443 3719 496 3782 hic
527 3716 732 3793 παιδαγωγός
761 3722 946 3798 usurpetur
976 3736 1045 3783 νεε.
1077 3720 1225 3805 15-23,

96 3838 160 3887 cum
180 3824 257 3889 ahbi
280 3824 435 3889 ridemus
457 3827 535 3889 tum
558 3842 607 3888 νε.
634 3824 694 3888 231
720 3823 778 3887 ὑπὸ
803 3824 891 3897 νόμον
911 3824 1145 3903 ἐφρουρούμεθα.
1167 3830 1229 3895 nst

96 3932 251 4004 praeterea
274 3929 363 4003 νόμος
388 3929 533 3995 Mosaica
554 3930 626 4012 lex,
653 3948 704 3994 νε.
732 3930 790 4009 17,
816 3947 877 3995 neo
900 3933 1016 3995 tamen
1038 3949 1156 3999 omnes
1176 3935 1229 4000 ho·

98 4033 192 4099 mines
220 4052 296 4101 eam
326 4036 434 4114 legem
467 4035 662 4113 cognovisse
692 4030 934 4100 existimantur
956 4032 992 4118 ς).
1026 4036 1084 4102 VI.
1117 4039 1230 4105 Etiam

104 4180 275 4192 κω

129 4261 153 4325 1)
167 4264 258 4329 Duplex
274 4264 314 4311 ba
330 4263 394 4312 haud
411 4262 485 4311 semel
502 4262 583 4327 arguit
600 4262 798 4327 epitomatorem,
815 4263 881 4312 cuius
895 4263 930 4312 rei
945 4265 1054 4331 deinceps
1067 4268 1114 4317 elie
1123 4269 1230 4321 dabimus

104 4343 201 4407 exempla.

131 4422 152 4483 2)
171 4427 262 4476 Poterit
282 4442 339 4475 sene
353 4426 406 4490 quis
422 4426 498 4490 legem
515 4426 635 4491 appellere
652 4425 820 4489 παιδαγωγὸν
840 4426 875 4485 εἷς
891 4430 980 4491 χριςόν
997 4430 1068 4495 idque
1085 4450 1166 4499 reapse
1184 4435 1230 4487 iec-

46 4581 49 4585 .
105 4504 148 4553 tun
161 4523 205 4557 esse
220 4510 392 4575 comperiemus
408 4524 460 4573 cap.
478 4511 506 4569 43
525 4509 565 4557 sed
582 4509 624 4573 qni
640 4509 736 4574 scripsit
752 4526 797 4560 ves.
816 4511 897 4567 6—25
914 4512 967 4560 eliis
984 4514 1120 4578 praemissis
1136 4517 1229 4567 diverso

105 4586 162 4635 modo
177 4591 348 4640 conclusionem
365 4590 495 4640 instituere
509 4590 585 4640 dohet.
1148 4600 1235 4665 Iegem

181 4772 188 4786 '
280 4789 286 4822 1
