3192 5325
659 536 721 600 211

700 717 756 789 την
780 714 878 780 νθκτα
909 715 1061 789 πολλοίκις
1092 717 1250 796 λουόμενον

697 821 769 902 πρὸς
792 823 932 900 οὶχνείαν.

140 931 271 1009 Evang.
304 929 378 994 Joh.
409 929 460 1010 13,
488 930 559 994 14b:
591 927 643 992 καί
747 930 862 1012 Antiq.
893 933 943 1013 18,
971 932 1010 995 2:
1043 929 1113 994 οὔτε
1139 929 1250 995 δούλων
1344 962 1347 967 ·

12 1054 13 1060 ’
99 1036 188 1111 ὑμεῖς
208 1035 353 1112 θΦείλετε
370 1035 515 1109 οίλλιίλυν
529 1035 644 1099 νίπτειν
665 1121 668 1125 7

98 1142 170 1212 τοὺς
195 1140 305 1213 πέδας.

145 1781 289 1863 [Evang.
314 1781 387 1846 Joh.
415 1782 465 1862 12,
491 1781 529 1861 3;
555 1782 593 1845 6:
627 1781 644 1854 η

98 1885 238 1960 Μαριὰμ
258 1884 403 1962 λαβοῦσα
424 1885 532 1962 λίτραν
550 1883 645 1963 μύρου

99 1987 208 2068 νοίρδου
329 1991 439 2067 ἤλειφε
459 1991 529 2061 τοὺς
551 1991 647 2062 πέδας

99 2098 199 2170 Ἰησοῦ
224 2097 276 2160 καί
300 2095 435 2175 έξέμαξε
459 2104 529 2167 ταῖς
554 2095 644 2175 θριξίν

98 2205 199 2278 αὐτῆς
230 2204 300 2276 τοὺς
324 2203 421 2276 πέδας
445 2205 543 2277 αὐτῆς

99 2305 169 2374 είπε
202 2309 233 2375 δὲ
268 2309 411 2396 (Ἰοθδαι)
446 2312 536 2374 τοῦτο

99 2411 145 2481 θ’τι
174 2465 251 2484 ....
275 2416 311 2481 τδ
330 2417 549 2496 γλωσσόκομον
569 2413 649 2496 ἔχων

99 2523 168 2588 κτὲ.

145 2631 276 2711 Evang.
295 2622 527 2715 δολ.11,’541);
548 2630 648 2705 θπῆλ-
673 2684 678 2690 .

101 2738 149 2801 θεν
186 2736 298 2803 ἐκεῖθεν
432 2737 473 2810 είς
505 2732 649 2816 Ἐφραίμ

99 2841 276 2919 λεγομένην
310 2841 399 2907 πθλιν
423 2843 517 2907 κοίκεῖ
545 2840 646 2919 ἔμεινε

100 2950 189 3027 μετὰ
223 2954 281 3013 τῶν
311 2950 466 3027 μαθητῶν.
501 2948 549 3015 cf.
573 2950 648 3014 Joh.

103 3060 131 3142 1,
158 3058 221 3139 40;
246 3060 276 3138 7,
301 3060 341 3139 93
368 3058 419 3138 10,
445 3056 515 3135 40].

149 3164 277 3242 Evang.
298 3163 373 3228 Joh.
389 3162 440 3247 13,
456 3164 578 3243 2sqq.:
597 3159 650 3224 καί

100 3268 224 3334 δείπνου
247 3267 421 3346 γινομένου,
444 3316 519 3333 ....
540 3265 650 3344 ε’χείρε·

99 3397 156 3440 ται
189 3374 224 3437 εἰι
253 3377 307 3438 τοῦ
339 3372 457 3463 δείπνου
488 3372 540 3435 καί

99 3479 211 3557 λαβὼν
234 3478 349 3542 λέντιον
374 3476 512 3558 διέζωσεν
540 3476 648 3541 ἐαυτθν

209 3583 262 3649 καί
296 3582 407 3662 ἤρξατο
533 3582 663 3660 ἔκμθο·.

100 3717 165 3757 σειν
188 3691 259 3763 τοὺς
285 3690 382 3764 πθδας
406 3692 447 3771 τῷ
470 3689 594 3775 λεντίῳ,
623 3684 645 3771 ὦ
683 3716 686 3721 ·

635 3827 639 3835 ·
708 3796 799 3862 αὐτοί
828 3821 864 3860 τε
896 3796 1017 3876 καθαροὶ
1042 3796 1183 3875 καθοίπερ
1208 3800 1251 3868 είς

102 3796 137 3874 ἦν
161 3796 368 3879 διεζωσμένος.

701 1033 912 1109 ἐπιτηδεύουσι
935 1043 1054 1113 κτῆσιν,
1076 1035 1109 1099 τὸ
1130 1038 1187 1113 μὲν
1208 1039 1250 1109 είς

703 1141 825 1206 οῖδικίαν
838 1141 940 1222 Φέρειν
954 1141 1160 1220 ὑπειληφότες
1175 1194 1182 1210 .
1198 1194 1205 1211 .
1221 1195 1228 1211 .
1243 1195 1250 1212 .

704 1247 791 1312 αὐτοὶ
813 1247 838 1311 δ’
860 1247 912 1329 ἐφ’
935 1249 1049 1314 ἑαυτῶν
1066 1247 1174 1328 ζῶντες
1187 1250 1251 1315 δια·

703 1354 787 1438 κονίρι
807 1364 845 1436 τῇ
856 1353 917 1432 1ἐπ’
930 1357 1094 1431 ,ἀλλήλους
1108 1356 1252 1438 ἐπιχρῶν-

709 1483 772 1525 ται.
804 1463 884 1528 Bell.
918 1463 992 1529 Jud.
1018 1465 1048 1545 2,
1074 1467 1104 1545 8,
1131 1466 1168 1530 7:
1193 1462 1251 1528 κᾶν

705 1568 800 1639 αὐτὸς
824 1564 928 1651 ι’ίρχη,
954 1567 1103 1645 μηδέποτ’
1129 1568 1251 1651 ἕξυβρί·

705 1697 766 1740 οειν
789 1675 832 1744 είς
856 1676 911 1748 την
936 1672 1086 1750 ἐξουσίαν.

749 1781 846 1864 [Bell.
866 1781 940 1847 Jud.
964 1783 994 1868 3,
1018 1781 1049 1863 2,
1072 1784 1110 1847 8:
1137 1781 1250 1856 κηλῖδα

705 1884 735 1948 δὲ
770 1883 1029 1978 ὑπολαμβάνουσι
1064 1887 1098 1951 τδ
1132 1883 1252 1971 ἔλαιον,

705 1989 763 2054 κῖιν
783 1993 886 2073 θλιφηῖ
908 2016 954 2062 τις
975 1991 1065 2075 ίίκων,
1089 1993 1267 2075 σμήχεται

702 2097 736 2161 τδ
768 2102 879 2173 σῶμα·
911 2097 945 2160 τδ
970 2099 1032 2177 χθορ
1057 2100 1195 2179 αὐχμεῖν
1222 2101 1251 2164 ἐν

702 2207 788 2281 καλῷ
802 2203 936 2267 τίθενται
950 2251 957 2268 .
1020 2255 1027 2270 .
1040 2207 1250 2284 χειροτονηταί

705 2307 733 2373 δ’
751 2310 776 2373 οῖ
788 2314 847 2373 τῶν
859 2316 958 2374 κοινῶν
971 2311 1162 2388 ἐπιμεληταί
1174 2359 1182 2376 .
1196 2361 1205 2378 .
1219 2360 1227 2376 .
1242 2361 1250 2378 .

707 2415 767 2492 μία
801 2414 828 2480 δ’
854 2418 907 2481 οὐκ
931 2414 995 2485 ἔτιν
1018 2419 1119 2483 αὐτῶν
1143 2416 1248 2504 πίλις,

706 2522 780 2585 αλλ’
805 2521 836 2584 ἐν
860 2519 956 2606 ἓκιίτη
980 2528 1155 2589 κατοικοῦσι
1179 2539 1251 2588 πολ-

706 2628 781 2713 aas}

753 3158 833 3225 Bell.
866 3160 942 3226 Jud.
976 3162 1006 3243 2,
1032 3164 1063 3243 8,
1089 3163 1125 3227 5:
1157 3158 1251 3239 μέχρι

710 3266 857 3342 πέμπται
878 3261 953 3343 θίροις
968 3264 1172 3345 ἐργασάμενοι
1185 3290 1251 3330 ουν-

707 3370 797 3442 τθνιος
819 3369 930 3435 ἔπειτεν
948 3370 1045 3437 πιίλιν
1061 3374 1102 3444 είς
1116 3370 1146 3437 ἓν
1159 3373 1251 3451 οίθροί·

707 3476 810 3557 ζονται
822 3478 942 3561 χωρίον,
956 3476 1126 3558 ζωτθμενοί
1137 3503 1172 3542 τε
1185 3503 1251 3545 σκε-

706 3584 857 3659 ποίομαοι
878 3570 970 3655 λινοῖς
984 3582 1076 3657 οὕτως
1090 3586 1251 3649 θπολοθον-

703 3712 756 3753 ται
773 3690 808 3754 τδ
822 3697 911 3768 σῶμα
925 3695 1056 3772 ψυχροῖς
1070 3688 1159 3756 ὕδατι
1174 3741 1181 3757 .
1197 3737 1204 3755 .
1219 3742 1227 3758 .
1243 3740 1250 3755 .

705 3897 794 3979 ίίχιίν
819 3925 848 3965 τι
872 3902 996 3979 τέμενος
1023 3902 1250 3983 παραγίνονται

706 4007 911 4087 δειπνητήριον
1062 4006 1172 4075 ἔπειτα
1212 4010 1250 4081 ὥς

703 4114 786 4194 ίερίις
810 4112 1011 4192 καταθέμενοι
1033 4114 1092 4187 τοῖς
1120 4115 1251 4188 ἐσθῆτας

707 4218 803 4284 ποίλιν
835 4220 883 4283 ἐπ’
915 4220 994 4300 ἔργα
1025 4220 1123 4302 μέχρι
1149 4220 1250 4293 δείλης

706 4325 878 4405 τρέπονται.
908 4328 990 4393 Ibid.
1016 4332 1055 4396 7:
1081 4328 1122 4407 τῷ
1147 4326 1180 4391 δὲ
1204 4326 1252 4409 ζη-

705 4436 807 4498 λοῦντι
838 4432 892 4507 την
924 4430 1035 4514 αίρεοιν
1067 4435 1167 4499 αὐτῶν
1200 4434 1252 4498 οθκ

707 4539 794 4611 εὐθὺς
822 4541 839 4616 ἡ
864 4538 1011 4622 ποίροδος,
1032 4540 1109 4605 αλλ’
1129 4540 1180 4605 ἐπ’
1199 4540 1254 4605 ἐνι-
