3192 5325
847 509 891 575 28

294 693 480 774 praemissa
498 694 562 772 sit,
583 694 641 759 sed
659 694 705 759 ibi
726 710 856 776 quoque
874 694 1069 775 perpetuam
1080 689 1377 759 contradictionem
1394 687 1449 754 in·

294 817 462 866 vemmus
943 821 945 826 ·

339 906 480 972 Miratur
500 907 551 992 (1,
566 909 612 990 61,
629 907 716 990 quod
733 908 873 974 lectores
892 907 1082 972 desciscunt
1093 906 1135 971 ab
1146 901 1337 984 Evangelio,
1352 900 1449 983 quod

294 1029 350 1078 eos
380 1013 492 1078 docuit
520 1031 594 1081 esse
617 1014 723 1096 ipsius
746 1013 809 1080 Dei
831 1013 1001 1095 proprium
1018 1011 1239 1092 Evangelium
1262 1012 1297 1074 et
1319 1007 1448 1078 revela·

294 1121 367 1184 tarn
398 1121 578 1187 veritatem
612 1121 662 1198 (ci.
697 1122 725 1185 1.
752 1123 790 1186 9:
821 1121 859 1188 ὡς
884 1119 1129 1204 τροειρήκατει);
1154 1118 1212 1185 sed
1234 1119 1311 1200 post
1333 1131 1448 1182 annos

294 1224 519 1306 septendecim
551 1227 687 1292 demum
710 1244 787 1292 cum
810 1227 979 1308 discipulis
1002 1243 1074 1291 rem
1096 1224 1331 1306 gravissimam
1354 1238 1447 1287 com·

293 1331 461 1412 munitat,
498 1351 618 1415 nempe
653 1350 727 1400 esse
761 1332 841 1398 illud
876 1333 1094 1412 Evangelium
1116 1348 1233 1398 revera
1255 1329 1448 1395 revelatam

294 1438 473 1503 veritatem
498 1441 548 1522 (1,
578 1439 644 1524 11).

339 1544 416 1609 Una
451 1546 517 1610 tuit
551 1563 629 1610 cum
664 1547 706 1612 iis
742 1545 793 1630 (1,
821 1545 1447 1628 9166111661661166111161661166-

293 1654 368 1717 tum
404 1652 445 1716 ab
480 1651 554 1718 aliis
582 1654 744 1733 quomodo
767 1652 846 1718 olim
870 1653 1124 1720 161611616666
1147 1653 1304 1719 versatus
1327 1650 1374 1716 sit
1397 1651 1446 1734 (1,

297 1755 355 1823 13.
380 1754 552 1835 ἠκούσατε).
578 1769 581 1773 ’

339 1865 429 1945 Quos
452 1866 647 1945 persecutus
669 1868 723 1930 est
748 1863 791 1948 (1,
816 1865 880 1950 13),
895 1866 936 1931 116
948 1866 1030 1931 16616
1042 1867 1177 1945 ignotus
1189 1867 1262 1931 erat
1275 1865 1318 1946 (1,
1333 1861 1389 1946 22)
1403 1857 1447 1947 ¹).

339 1970 493 2035 Postulat
515 1974 556 2035 ut
580 1971 641 2036 sibi
666 1972 886 2051 Evangelium
909 1973 1126 2037 adnuncianti
1149 1975 1190 2056 (1,
1221 1971 1256 2056 8)
1280 1969 1447 2036 11166116-

294 2078 425 2160 beatur,
452 2077 510 2143 sed
534 2094 746 2143 necessarum
768 2096 843 2144 esse
866 2081 965 2159 putat
988 2079 1100 2159 ipsum
1121 2078 1229 2144 Deum
1251 2079 1380 2161 jurare,
1406 2093 1448 2143 se

294 2203 363 2251 non
387 2184 499 2250 fallere
522 2202 599 2250 cum
622 2186 746 2250 scribat
768 2187 809 2251 de
832 2204 893 2253 sua
916 2187 1022 2268 ipsius
1045 2187 1127 2252 vita.

315 2292 417 2356 -Jam
454 2293 508 2356 tot
543 2295 722 2373 tantaeque
757 2292 996 2374 repugnantiae
1019 2293 1115 2358 uobis
1139 2294 1299 2376 suadent,
1326 2296 1367 2357 ut
1388 2293 1447 2358 ho-

296 2414 372 2460 rum
398 2397 550 2461 omnium
584 2396 755 2478 duplicem·
781 2399 944 2477 originem
978 2415 1052 2464 esse
1082 2401 1285 2464 statuamus.
1310 2399 1448 2464 Dixeris

295 2503 414 2567 mitem
435 2501 530 2567 illum
547 2501 689 2568 Paulum
708 2505 909 2584 Episcopum
930 2521 969 2570 ea
989 2503 1448 2589 quaelegimus1,1-10²)

294 2611 331 2674 et
354 2608 419 2673 iter
442 2608 784 2693 Hierosolymitanum
807 2613 848 2675 ut
865 2611 1104 2692 approbaretur
1124 2610 1180 2674 ὑπὸ
1202 2617 1259 2674 τῶι
1273 2609 1450 2688 δοκούντων,

295 2714 420 2797 reliqua
451 2715 625 2781 61661616
648 2716 721 2781 vita
744 2717 875 2799 propria
900 2717 1088 2783 intexuisse
1110 2717 1327 2783 relationibus
1351 2735 1447 2799 apos·

295 2822 357 2887 toli
380 2822 572 2902 cuiusdam,
597 2822 633 2886 in
657 2840 721 2903 quo
744 2823 840 2901 longe
865 2823 1033 2889 diversam
1054 2824 1198 2889 indolem
1221 2828 1256 2891 et
1279 2826 1376 2905 longe
1399 2824 1447 2889 di·

297 2944 432 2993 versam
456 2928 640 2992 orationem
663 2926 756 2994 facile
780 2930 1003 3008 agnoscimus.
1028 2929 1116 2996 Huic
1139 2930 1328 2996 tribuemus
1339 2948 1390 2997 vs.
1404 2932 1446 3013 83

299 3034 359 3115 11;
386 3035 445 3114 12;
472 3034 532 3115 153
560 3035 617 3115 16;
643 3035 695 3099 22.
717 3037 747 3116 2,
774 3033 811 3116 5;
838 3036 868 3118 6,
894 3036 1268 3120 661666166661612,
1294 3038 1334 3117 3;
1357 3038 1388 3101 4.
1409 3040 1448 3104 61

312 3199 490 3209 ——-

333 3301 360 3366 1)
378 3299 649 3353 16161666166166166
666 3315 709 3365 per
726 3316 801 3349 66666
817 3300 1021 3365 quattuordecim,
1032 3300 1175 3351 audiverunt
1194 3299 1339 3361 (ἀκούοντες
1358 3300 1445 3369 ἦσαν),

296 3397 351 3431 6616
366 3382 526 3453 evangelizare
531 3404 539 3441 ;
558 3383 598 3431 661
614 3382 635 3431 61
651 3398 699 3432 666
716 3382 860 3432 audivissent
876 3383 936 3447 quid
957 3382 1139 3448 evangelizaret,
1158 3384 1198 3433 vix
1216 3388 1345 3451 propterea
1366 3389 1446 3437 Deum

297 3466 395 3515 1661666
411 3464 551 3530 potuissent.

332 3548 357 3608 2)
373 3548 505 3611 Praecipua
521 3552 591 3598 certe.
610 3548 705 3597 Scilicet
722 3564 803 3597 verane
821 3549 885 3596 1-5
904 3548 954 3597 eius
971 3547 1083 3611 loquendi
1101 3564 1174 3611 genua
1192 3549 1314 3609 redolent,
1333 3550 1411 3601 veluti
1419 3551 1447 3600 in

297 3628 347 3682 illia
369 3627 415 3677 ἆτ’
437 3626 577 3690 ἀνθρώπων,
596 3628 629 3678 δι’
653 3627 791 3691 ἀνθρώπου,
814 3646 874 3693 quae
896 3645 926 3679 ne
951 3629 1056 3693 intelligi
1073 3631 1170 3695 quidem
1187 3634 1298 3695 possunt.
1317 3636 1448 3697 autequam

298 3711 433 3777 perveneris
450 3712 479 3759 ad
496 3727 541 3760 166.
560 3713 589 3761 ll
610 3715 634 3761 et
653 3713 692 3762 12.
712 3712 834 3761 Additum
852 3710 917 3769 θτως
933 3706 1051 3777 ἐξέληται
1070 3740 1100 3749 -
1119 3715 1306 3777 6666616666
1323 3714 1382 3765 fauit
1400 3715 1448 3764 116-

299 3794 430 3859 putatiouia
446 3792 500 3854 περὶ
515 3795 562 3851 τῆς
577 3794 727 3855 παρουσίας,
744 3809 829 3857 nempe
846 3796 929 3858 sponte
947 3809 974 3841 6ο
992 3793 1110 3843 delebitur
1129 3795 1219 3844 Paulus
1237 3796 1381 3861 Episcopus,
1391 3812 1448 3846 nam

298 3876 324 3924 in
344 3878 397 3925 tota
418 3876 527 3941 Epistula
551 3877 711 3941 cachatolugia
727 3879 851 3942 praeterea
867 3890 915 3923 nou
934 3876 1068 3940 attingitur.
1089 3876 1210 3927 Credibile
1227 3881 1263 3928 661
1279 3878 1376 3928 aliunde
1394 3896 1450 3930 euru

298 3962 436 4009 mutuatum
462 3975 513 4007 6666
529 3960 570 4019 id,
590 3960 653 4025 quod
671 3975 714 4008 666
732 3961 797 4008 16161
815 3956 992 4018 μετατίθεσθαι
1011 3956 1046 4015 εἷς
1061 3957 1144 4020 ἕτερον
1161 3956 1326 4022 εὐαγγέλιον,
1343 3978 1450 4025 quorum

298 4039 424 4091 verborum
447 4041 497 4091 vim
512 4042 563 4105 ipse
582 4041 664 4090 atatim
681 4040 807 4104 infringita
825 4036 839 4085 1
857 4036 900 4087 οὐκ
916 4036 969 4095 ’έςιν
987 4036 1053 4087 ἰέλλο
1071 4044 1094 4089 61
1111 4039 1133 4089 εἰ
1150 4038 1186 4101 μή
1204 4058 1270 4098 τινες
1288 4040 1335 4091 11τὶ
1354 4043 1412 4108 (vua.
1432 4046 1447 4093 1

299 4123 376 4188 617).
402 4124 454 4173 Nec
476 4125 576 4173 fortasse
593 4124 723 4173 fortuitum
746 4125 782 4171 661
805 4121 868 4185 quod
886 4119 997 4181 ἀνάθεμα
1014 4138 1047 4171 ve.
1066 4124 1093 4182 9,
1116 4123 1179 4187 quod
1195 4139 1208 4171 6
1226 4140 1259 4172 va.
1277 4125 1292 4173 8
1311 4125 1450 4177 deaumtum

298 4208 346 4265 661,
363 4205 441 4255 multo
464 4205 600 4256 mitioribus
624 4205 701 4255 verbio
718 4206 831 4254 iteratur:
854 4203 931 4252 multu
949 4204 1003 4269 plue
1020 4204 1109 4254 virium
1125 4204 1196 4254 habet
1213 4203 1257 4253 aliu
1275 4204 1347 4267 ἡμεῖς
1365 4206 1381 4264 b
1399 4206 1450 4271 ay-

298 4297 374 4349 γελις
396 4304 429 4337 16.
455 4290 482 4347 8,
506 4304 578 4353 quam
602 4285 627 4336 ἐί
646 4304 687 4345 τις
710 4285 776 4347 θμῖις
802 4282 1000 4349 εὐαγγελίζεται
1027 4302 1060 4335 16.
1086 4287 1100 4334 9
1107 4309 1113 4345 ;
1134 4286 1237 4336 alterum
1254 4288 1306 4337 lieri
1323 4305 1353 4337 66
1369 4294 1451 4355 potest

297 4369 411 4432 quidem,
435 4371 540 4422 alterum
561 4373 639 4436 puteat
662 4385 718 4418 6666
742 4368 806 4417 lieri:
826 4367 909 4416 itidem
927 4367 1049 4431 aliquanto
1066 4369 1144 4418 minua
1161 4369 1287 4435 superbum
1304 4374 1340 4421 661
1357 4374 1417 4435 erup?
1435 4372 1450 4423 a

295 4450 453 4513 trepuditare
480 4470 515 4506 ve.
540 4454 569 4518 9,
593 4466 665 4517 quam
691 4450 749 4513 παρ’
773 4447 787 4499 ὃ
811 4446 1033 4518 εθαγγελιτᾶμεθα
1056 4466 1090 4504 va.
1114 4452 1138 4499 8.
1162 4452 1281 4523 Corrupta
1300 4452 1373 4507 verba
1391 4459 1450 4511 6661

298 4534 403 4585 16106.
