3192 5325
627 529 689 593 137

88 704 146 786 reip
179 711 308 794 incipit
342 710 453 789 1111111
477 712 599 786 μᾶλλον
622 729 689 778 non
711 714 895 793 usurpatur
918 711 984 778 nisi
1008 712 1048 776 de
1071 710 1231 792 11111111-

88 818 193 900 notis,
220 819 403 901 dequibus
425 822 652 904 conjecturam
674 822 852 903 periclitari
875 820 1043 888 debemus.

131 926 194 991 Vs.
223 927 264 991 16
291 926 470 992 artificiosa
492 930 547 993 est
569 929 768 994 antithesis:
793 929 890 1007 κρίμα
915 926 948 1006 ἐξ
971 925 1033 998 ἑνός
1058 929 1112 993 cui
1135 944 1229 1008 oppo-

88 1030 178 1096 nitur
202 1029 346 1110 χάρισμα
371 1032 406 1096 ἐκ
429 1033 550 1097 πολλῶν
573 1033 845 1120 παραπτωμάτων,
870 1035 966 1117 quasi
985 1034 1046 1100 hoe
1064 1033 1162 1098 unice
1182 1049 1231 1098 ca-

88 1138 235 1203 vendum
257 1143 364 1223 esset,
388 1157 431 1206 ne
453 1141 536 1207 nihil
559 1145 780 1224 opponeretur
803 1142 914 1208 verbis
932 1139 967 1218 ἐξ
987 1137 1059 1211 ἑνός.
1073 1141 1233 1206 Extremo

88 1261 187 1310 versu
211 1244 365 1321 δικαίωμα
389 1264 456 1313 non
476 1247 709 1331 intelligimus,
735 1266 800 1330 quo
823 1251 972 1315 ceterum
996 1246 1233 1326 111111111-

89 1349 392 1420 11111111111111111111
415 1355 529 1432 (etiam
551 1355 654 1420 Hebr.
680 1358 718 1437 9,
745 1357 796 1436 10,
821 1355 878 1421 ubi
901 1348 1188 1432 oapxdc=vdoovt

133 1457 194 1523 Vs.
221 1459 261 1524 17
284 1459 425 1539 legimus
446 1463 592 1527 mortem
614 1462 656 1526 ab
678 1479 746 1528 uno
769 1461 905 1527 homine
927 1460 1049 1543 repeti:
1063 1476 1146 1524 num
1157 1458 1234 1524 inde

92 1564 253 1650 seqrutur,
278 1565 383 1630 etiarn
404 1567 549 1646 gratiam
572 1567 758 1634 necessario
781 1569 823 1633 ab
845 1585 912 1632 uno
933 1565 1068 1633 homine
1091 1563 1231 1630 derivari

93 1668 231 1736 debere?

136 1777 195 1842 Vs.
221 1778 263 1842 18
286 1779 368 1845 nihil
390 1779 484 1846 deest
507 1782 638 1862 praeter
662 1782 850 1863 subjectum
873 1783 909 1847 et
932 1779 1170 1861 praedicatum.

135 1882 194 1948 Vs.
223 1887 264 1949 19
288 1887 429 1953 redeunt
451 1886 498 1952 iili
520 1887 546 1951 oi
570 1888 695 1970 111111,
722 1889 906 1971 dequibus
928 1889 1085 1954 diximus

137 1989 196 2056 Vs.
222 1993 265 2057 20
289 1993 408 2059 melius
430 1992 595 2074 legeretur
618 1995 738 2062 statim
761 1999 840 2077 post
862 2014 914 2060 vs.
940 1997 982 2061 13
1005 1995 1114 2060 1114.

137 2097 243 2177 Quam
276 2100 387 2166 inanis
410 2103 464 2166 est
486 2102 665 2167 verborum
688 2103 851 2183 strepitus
875 2119 925 2168 vs.
954 2103 996 2166 21·
1020 2100 1236 2182 similiterque

95 2202 168 2268 alibi
197 2204 233 2269 in
268 2206 330 2271 hoc
364 2206 473 2288 capite
508 2207 690 2286 tautologia
724 2209 866 2274 molesta
891 2211 953 2274 est.
978 2206 1092 2273 Veluti
1114 2223 1166 2270 vs.
1193 2206 1234 2270 12

94 2327 168 2374 cum
188 2312 417 2378 additamento
440 2314 528 2379 idem
552 2313 675 2379 dicitur
698 2316 785 2395 quod
804 2332 855 2380 vs.
879 2316 941 2396 153
962 2313 1016 2378 hic
1034 2315 1150 2378 autem
1161 2329 1233 2377 con·

96 2416 186 2481 venit
207 2435 286 2483 curn
309 2435 360 2484 vs.
387 2421 444 2502 16,
471 2419 528 2501 qui
551 2438 618 2485 non
644 2420 811 2502 discrepat
833 2438 854 2485 1
876 2438 927 2486 vs.
954 2422 994 2487 17
1018 2437 1057 2484 ao
1079 2418 1234 2500 deinceps

96 2539 185 2588 ans.
210 2525 268 2605 18,
294 2543 315 2590 1
338 2543 389 2591 vs.
416 2527 474 2610 19,
500 2544 520 2591 a
543 2545 593 2592 vs.
621 2528 673 2594 21.
700 2523 830 2609 Septies
853 2527 1044 2593 instituitur
1067 2542 1231 2607 compara·

97 2628 141 2695 tio
169 2630 256 2697 inter
286 2632 457 2698 Adamum
479 2636 515 2699 11
537 2633 708 2701 Christum
732 2651 837 2716 eaque
862 2633 1065 2716 comparatio
1087 2649 1236 2714 pessum·

98 2736 190 2802 datur
222 2738 344 2804 iterato
365 2739 420 2805 illo
443 2741 548 2818 πολλῷ
572 2742 713 2823 μᾶλλον,
739 2741 842 2824 quod,
869 2742 921 2806 uti
944 2741 1055 2822 vides,
1079 2741 1121 2807 ab
1144 2740 1236 2806 omni

98 2846 336 2924 comparatione
368 2847 515 2912 alienum
549 2849 611 2912 est.
648 2848 797 2914 Fatuum
820 2850 873 2914 est
897 2847 1102 2913 ratiocinari:
1128 2846 1236 2912 Titius

98 2951 131 3012 et
152 2950 299 3017 Maevius
329 2954 444 3018 eodem
478 2954 641 3019 tendunt:
666 2954 775 3019 Titius
802 2955 945 3020 Romam
969 2953 1095 3036 tendit,
1121 2951 1234 3034 itaque

100 3059 198 3134 reond
221 3062 345 3133 porto
369 3060 519 3125 Maevius
543 3061 687 3127 Romam
709 3062 836 3126 tendet.
1067 3118 1069 3120 .

142 3164 248 3247 Hujus
283 3166 403 3245 cepitis
437 3166 614 3231 difficultas
636 3167 816 3247 repetenda
838 3185 881 3231 111
903 3166 1149 3231 retractatione.
1173 3165 1237 3231 Hic

102 3286 224 3351 quoque
254 3271 379 3336 fundus
402 3275 456 3336 est
477 3272 654 3337 ludoicum
678 3273 921 3355 fragmentum,
948 3290 1012 3353 quo
1035 3272 1236 3339 demonstra·

102 3374 209 3460 batur,
244 3374 352 3452 'ulau
376 3372 451 3439 εἶναι
476 3380 571 3440 τύπον
596 3381 648 3439 τσῦ
673 3378 838 3451 μέλλοντος
865 3379 929 3462 (Vs.
959 3379 1024 3460 14).
1047 3378 1135 3443 Hinc
1158 3377 1238 3444 1111111

104 3480 216 3561 duplex
247 3484 351 3561 πολλῷ
388 3485 527 3564 μᾶλλον,
561 3501 640 3549 nam
673 3485 814 3565 scriptor
836 3484 1042 3550 concluserat
1065 3502 1107 3549 ex
1130 3484 1237 3565 priore

104 3585 225 3655 Adamo
258 3589 365 3671 qualis
398 3589 524 3670 fuerat,
560 3590 602 3654 ad
638 3589 781 3655 alterum
816 3590 986 3655 Adamum
1026 3588 1131 3671 qualis
1165 3593 1238 3656 erat

104 3692 237 3759 futurus.
272 3695 355 3760 Inde
384 3696 564 3777 repetenda
587 3695 700 3761 futura
722 3694 792 3761 illa:
818 3693 1054 3771 βασιλεύσουσιν
1079 3695 1144 3778 (vs.
1171 3696 1236 3780 17);

105 3780 364 3873 καταςαθήσσνταὶ
388 3799 452 3884 (vs.
476 3802 549 3886 19);
575 3801 770 3874 σωθησόμεθα
795 3803 892 3878 (1119
916 3803 951 3867 et
976 3800 1041 3885 10);
1055 3798 1236 3877 βασιλεύσει

106 3907 160 3978 (vs.
183 3907 248 3991 21).
284 3907 405 3973 Iudaeo
438 3907 566 3973 homini
595 3909 754 3973 beneficia
784 3908 840 3973 illa
864 3912 916 3971 τοῦ
940 3905 1105 3983 μέλλοντος
1130 3906 1238 3985 Ἀδὰμ
1313 3923 1314 3926 ’

106 4026 212 4077 revera
234 4015 331 4078 erant
353 4013 491 4095 fulcro,
518 4014 576 4078 sed
601 4014 752 4095 scriptori
776 4014 965 4079 Christiano
989 4015 1174 4081 necessario
1193 4015 1237 4080 di-

107 4118 237 4183 cendum
271 4121 343 4183 erat
372 4119 412 4183 de
434 4119 476 4184 iis
498 4121 669 4202 quaejam
692 4123 882 4186 evenerant.
906 4120 1024 4202 Itaque
1047 4138 1097 4187 vs.
1125 4122 1166 4187 15
1190 4139 1237 4188 se·

107 4222 165 4287 mel
185 4225 336 4290 redactor
358 4227 434 4305 post
457 4225 561 4303 111λῷ
586 4228 708 4300 μᾶλλον
731 4229 857 4291 temere
876 4226 1046 4307 rescripsit
1069 4226 1237 4306 ἐπερίσσευ-

108 4348 167 4409 σεν,
201 4330 278 4411 quia
312 4329 425 4396 omnia
458 4332 560 4397 verba
594 4333 714 4413 quippe
743 4331 856 4397 futuro
886 4335 1035 4413 tempore
1059 4332 1237 4399 enunciata

107 4431 305 4502 incommoda
327 4439 434 4501 erant.

146 4536 218 4606 Non
250 4544 427 4607 essecutus
460 4546 514 4609 est
547 4542 671 4608 Paulus
704 4542 905 4627 Episcopus,
939 4542 1017 4625 quid
1051 4544 1112 4610 hoc
1146 4546 1237 4609 esset
