3192 5325
911 553 954 618 58

359 735 512 813 pernotus
546 735 631 811 θεοῦ,
663 753 725 802 nec
754 736 916 802 maiorem
939 735 1098 801 honorem
1121 739 1266 801 venatur
1293 751 1394 817 quam
1417 735 1502 800 ποςοῦ

359 840 513 918 οἰκονόμου
538 843 579 923 (4,
608 845 645 924 1;
671 842 715 927 2).
748 842 887 908 Pulchre
911 843 992 908 baec
1014 843 1104 908 dicta
1126 860 1200 908 esse
1220 843 1426 924 J'udicamus,
1450 841 1503 906 sed

358 966 419 1013 our
440 949 565 1014 Paulus
588 949 771 1030 Episcopus
794 947 889 1030 plura
913 950 1045 1014 censuit
1067 967 1141 1014 esse
1164 949 1339 1014 addenda?
1360 948 1425 1030 Cur
1438 965 1503 1012 uss.

358 1055 469 1120 8-13
500 1059 573 1120 tam
603 1055 757 1121 flebiliter
780 1056 821 1120 de
844 1072 879 1120 se
902 1055 974 1137 ipso
997 1055 1145 1136 loquitur
1168 1072 1331 1136 suamque
1354 1054 1503 1119 conditio·

357 1178 436 1226 nem
467 1164 540 1226 tam
570 1165 644 1226 atro
674 1162 781 1226 colore
811 1162 971 1226 notavit?
996 1160 1160 1236 Οἰκονδμος
1181 1163 1333 1237 eusebius
1357 1161 1422 1223 θεοῦ
1447 1176 1503 1224 sua

357 1269 447 1332 sorte
471 1270 652 1332 contentus
674 1283 749 1332 esse
772 1267 897 1347 poterit
920 1270 955 1333 et
978 1268 1106 1348 reliqua
1126 1269 1238 1332 omnia
1263 1269 1383 1349 utpote
1413 1267 1504 1344 longe

357 1373 444 1438 infre
467 1390 504 1438 se
527 1373 637 1454 posita
661 1373 837 1454 despicere.
864 1373 991 1439 Tamen
1013 1391 1079 1454 quo
1102 1374 1233 1438 firmius
1253 1375 1385 1438 animos
1404 1371 1501 1437 homi·

357 1496 441 1544 num
473 1479 536 1544 sibi
568 1479 767 1561 subjungat,
800 1479 883 1544 utile
914 1479 1090 1544 existimat
1121 1480 1382 1545 misericordiam
1405 1479 1504 1544 conci-
1583 1524 1584 1533 ο

356 1588 428 1650 tare
442 1581 483 1667 ¹);
516 1584 674 1649 adulatur
706 1583 886 1650 lectoribus
910 1587 945 1649 et
967 1584 1029 1649 hoc
1052 1586 1123 1664 agit
1145 1588 1186 1650 ut
1210 1586 1273 1650 sibi
1296 1585 1449 1667 placeant
1462 1581 1503 1668 2);

357 1691 499 1771 denique
523 1695 664 1756 conatur
686 1692 885 1772 persuadere
908 1691 1018 1756 illatas
1043 1692 1105 1756 sibi
1124 1691 1281 1775 injurias,
1302 1709 1386 1772 quas
1405 1691 1504 1772 copio-

357 1799 429 1864 sius
452 1799 638 1879 pertractat
657 1815 760 1878 quam
781 1797 959 1880 vellemus,
981 1797 1109 1863 nullam
1127 1799 1240 1864 animo
1259 1816 1320 1864 suo
1341 1799 1505 1879 peperisse

357 1904 565 1969 iracundiam
577 1904 614 1986 8).

402 2010 538 2075 Nonum
562 2012 663 2090 caput
681 2027 742 2075 nos
761 2011 950 2076 accuratius
968 2012 1079 2093 docet,
1101 2029 1160 2078 our
1180 2012 1306 2077 Paulus
1324 2012 1504 2093 Episcopus

357 2119 515 2196 perpetuo
543 2115 716 2181 delabatur
738 2118 780 2182 ad
804 2117 1006 2198 apologiam,
1028 2118 1064 2182 in
1084 2135 1150 2199 qua
1169 2135 1237 2183 non
1257 2117 1505 2183 dissimulamus
1583 2130 1584 2161 l

357 2239 420 2288 nos
451 2223 665 2302 dignitatem·
683 2222 772 2287 haud
795 2223 941 2288 iterare
964 2239 1060 2302 aegre
1085 2224 1281 2289 desiderare.
1306 2224 1381 2289 Non
1403 2224 1505 2288 crede-

357 2329 440 2393 bant
471 2328 624 2393 homines
652 2328 706 2393 vel
736 2330 879 2394 fortasse
909 2330 1067 2394 nolebant
1094 2330 1226 2421 credere
1249 2330 1332 2395 nihil
1355 2347 1429 2394 esse
1451 2346 1505 2393 cur

358 2433 530 2514 apostolus
553 2436 740 2500 mercedem
767 2453 836 2500 non
864 2436 1081 2516 acciperet⁴);
1114 2437 1229 2517 itaque
1260 2454 1327 2502 non
1350 2436 1503 2514 intellige·

357 2540 441 2604 bant
464 2525 640 2621 propterea
663 2541 815 2605 nondum
839 2542 998 2606 continuo
1020 2542 1182 2607 avaritiae
1205 2543 1332 2607 crimen
1350 2542 1386 2606 in
1406 2542 1505 2607 talem

358 2647 472 2712 virum
490 2650 679 2728 competere
701 2647 800 2728 idque
820 2647 893 2713 sine
909 2647 976 2713 fine
995 2648 1132 2714 docendi
1151 2652 1248 2714 erant
1260 2653 1295 2727 ⁶).
1320 2649 1409 2730 Quas
1429 2649 1504 2714 ima·

357 2755 452 2833 gines
482 2756 524 2820 ad
558 2771 635 2819 earn
665 2771 737 2819 rem
765 2754 999 2819 illustrandam
1030 2754 1181 2838 adhibet,
1214 2755 1309 2819 humi
1340 2758 1461 2836 repunt
1473 2758 1503 2830 6).

358 2861 602 2926 Verumtamen
625 2860 759 2926 etiamsi
782 2861 817 2924 id
839 2860 952 2943 liceat,
984 2879 1052 2925 non
1085 2860 1242 2945 ustupat,
1269 2862 1328 2927 sed
1360 2861 1504 2926 vindicat

354 2968 411 3049 J'us
431 2967 606 3032 mulierem
636 2966 815 3050 [sororem]
841 2965 1121 3050 circumducendi,
1148 2968 1246 3053 quod„
1270 2970 1386 3033 tamen
1420 2966 1505 3032 haud
1582 2954 1583 2989 r

393 3252 418 3310 1)
436 3250 504 3299 Mira
527 3265 565 3297 res
587 3251 636 3307 est,
654 3248 695 3296 sed
712 3262 829 3311 nusquam
845 3246 871 3295 in
888 3246 1004 3311 Epistulis
1021 3246 1170 3311 corruptelae
1187 3246 1268 3311 plnres
1284 3247 1418 3312 pullulant,
1435 3262 1503 3311 quam

360 3333 401 3381 ubi
423 3332 513 3381 Paulus
533 3330 664 3395 Episcopus
687 3330 737 3394 ipse
759 3329 876 3393 loquitur.
894 3329 1011 3379 'Fortasse
1028 3343 1102 3392 genus
1120 3328 1212 3377 dicendi
1230 3330 1275 3377 hoc
1292 3329 1378 3387 effecit,
1400 3329 1502 3378 eadsine

361 3431 430 3464 sensu
448 3417 512 3462 certe
528 3413 609 3461 editur
625 3415 649 3470 4,
669 3412 692 3469 6,
709 3427 753 3459 nec
770 3411 845 3473 magis
861 3410 887 3459 in
905 3427 932 3459 eo
949 3413 1060 3459 contextu
1078 3409 1192 3473 explicari
1210 3414 1289 3475 potest
1305 3413 1329 3468 4,
1339 3409 1368 3469 7;
1378 3411 1503 3475 quidenim

360 3498 401 3555 τίς
420 3496 470 3560 (vel
486 3496 532 3560 τί)
551 3492 665 3554 διακρίνει
679 3493 719 3542 hic
732 3494 867 3550 sioeuidcsti
882 3493 947 3557 Quid
964 3492 1051 3557 duplex
1067 3493 1170 3541 doristus
1187 3488 1408 3549 ἐπλουτήσατε-
1418 3489 1501 3554 ἐβασι-

361 3576 490 3626 micare?
507 3576 613 3625 Stultum
630 3577 666 3623 est
683 3576 707 3631 4,
726 3574 752 3622 9:
773 3572 873 3635 θέατρον
891 3570 1037 3635 ἐγενήθημεν
1055 3576 1090 3635 τῷ
1109 3574 1194 3634 κόσμῳ
1212 3572 1255 3621 nai
1272 3572 1433 3635 ἀγγέλοις
1450 3572 1501 3623 καὶ

359 3658 505 3721 ἀνθρώποις,
523 3673 580 3707 nam
593 3656 717 3707 nemiuem
732 3655 802 3704 facile
819 3655 949 3719 poenitebit
963 3652 1062 3716 θέατρον
1079 3670 1128 3703 esse
1144 3654 1244 3719 angelis:
1264 3656 1305 3703 sed
1321 3656 1446 3719 legendum
1464 3652 1502 3703 xci

358 3739 463 3804 γέλως
480 3741 553 3796 τοῖς
570 3737 594 3787 ἆ,
613 3738 654 3787 Vs,
675 3738 706 3785 11
721 3734 881 3801 κολαζόμεθοι
896 3736 1029 3785 faciliorem
1046 3734 1227 3800 explicationem
1244 3736 1356 3796 haberet,
1375 3754 1446 3801 quem
1463 3737 1503 3785 he·

358 3822 399 3872 bet
418 3818 613 3885 κολοιφιζόμεθοο.
635 3818 742 3877 vs.12;
761 3820 793 3867 le
811 3818 993 3883 participiorum
1010 3818 1086 3867 mirus
1104 3833 1159 3867 usus
1177 3822 1219 3868 est.

392 3906 420 3969 2)
438 3904 464 3952 Si
487 3904 511 3961 1,
537 3902 585 3961 263
611 3900 642 3952 27
668 3900 797 3949 contuleris
821 3916 875 3949 cum
891 3902 916 3958 4,
934 3903 949 3950 8
968 3915 1027 3964 sqq,
1045 3899 1134 3949 ridebis
1151 3916 1206 3949 eum
1221 3901 1343 3951 interdum
1361 3917 1409 3951 nou
1424 3901 1503 3965 fugere

359 3987 470 4053 putidum
488 3987 599 4033 ornatum
617 3987 641 4031 et
657 3983 730 4031 nimis
747 3982 880 4032 adulatorie
896 3981 1006 4030 seribere.

394 4070 421 4133 3)
449 4066 543 4115 Dixeris
568 4080 623 4114 eum
648 4064 720 4113 verbs
744 4063 856 4129 praeiisse
881 4078 956 4128 pupae
981 4062 1097 4127 Gregorio
1121 4064 1146 4123 I,
1169 4064 1210 4127 qui
1230 4078 1326 4114 servum
1343 4080 1367 4113 se
1384 4056 1502 4119 servorum

359 4149 521 4216 appellitabat.

394 4234 423 4297 4)
448 4234 500 4281 Nec
522 4235 586 4281 certe
603 4229 759 4295 respiciebant
776 4228 865 4279 Matth.
885 4228 923 4287 10,
942 4229 974 4277 10
995 4249 1019 4271 =
1040 4229 1097 4277 Luc.
1116 4230 1155 4287 10,
1174 4229 1198 4289 7,
1215 4230 1268 4289 sed,
1286 4232 1350 4294 quod
1368 4231 1502 4295 conjicimus

359 4319 464 4381 propter
482 4316 506 4373 9,
525 4314 565 4372 13,
583 4311 712 4362 afferebant
728 4314 827 4361 Denter.
846 4312 885 4369 25,
904 4316 929 4359 4.

366 4412 375 4431 ·
395 4397 422 4461 Β)
443 4397 488 4445 Jus
505 4396 568 4443 euim
587 4411 656 4443 suum
673 4409 721 4442 nou
739 4395 846 4457 usurpat.
865 4392 921 4457 Cap.
933 4392 957 4451 9,
970 4393 997 4441 15
1015 4394 1079 4457 lege:
1098 4393 1129 4450 νὴ
1150 4394 1180 4442 τὸ
1199 4391 1323 4457 καύχημά
1341 4413 1389 4457 μου
1403 4394 1489 4446 totta

361 4475 467 4527 κενώσει.
486 4478 538 4526 Vss.
561 4477 600 4534 17;
619 4478 651 4525 18
668 4474 773 4538 intelligi
790 4476 917 4537 nequeunt.
1237 4465 1238 4468 ¹

387 4561 423 4626 b)
441 4559 563 4608 Nimirum
582 4557 680 4607 viticola
696 4556 725 4607 eb
744 4556 796 4606 uris
814 4558 838 4604 et
856 4555 959 4622 agricola
976 4573 990 4605 s
1007 4556 1082 4606 bubus
1098 4556 1192 4607 lucrum
1209 4561 1295 4629 sperat.
