3192 5325
631 539 674 607 75

621 771 695 849 03.

336 906 516 972 vrootuor
539 907 684 990 quaestio
707 906 747 971 do
767 907 989 972 Melioribus..

139 1090 309 1170 Quaeritur
338 1091 486 1173 primum
520 1091 633 1157 sintne
664 1092 716 1157 vir
747 1094 783 1157 et
807 1090 926 1157 mulier
949 1091 1065 1157 eodem
1088 1095 1156 1157 loco
1179 1092 1233 1156 ha-

99 1196 202 1277 bendi,
227 1197 344 1262 deinde
367 1199 527 1263 debeatne
552 1198 671 1263 mulier
694 1197 849 1263 obvoluto
870 1199 978 1279 capito
997 1197 1033 1261 in
1052 1196 1234 1263 Ecclesiam

100 1303 276 1387 procedere,
299 1320 422 1384 eaeque
443 1304 655 1384 quaestiones
674 1304 816 1369 diversis
840 1303 947 1369 modis
968 1303 1154 1369 solvuntur.
1179 1305 1234 1369 Ad

100 1407 231 1487 priorem
262 1410 494 1490 quaestionem
527 1411 748 1492 respondetur
777 1429 810 1475 o.
844 1412 859 1474 1
893 1409 965 1476 Cor.
1000 1411 1050 1494 11,
1087 1412 1232 1494 11;12;

102 1513 162 1578 1.]
188 1514 257 1581 Cor.
286 1517 337 1597 11,
362 1515 462 1598 3;8;
488 1518 519 1582 9.

139 1637 168 1683 o.
198 1620 258 1686 Vir
284 1624 320 1687 et
343 1622 462 1688 mulier
485 1622 522 1687 iu
546 1621 678 1689 Christo
700 1641 797 1706 pares
821 1625 920 1689 sunt:
944 1620 1015 1686 οὔτε
1038 1622 1115 1698 yovl
1139 1623 1234 1702 χωρὶς

102 1722 193 1802 ἀνδρὸς
215 1725 285 1790 οὔτε
305 1727 377 1807 ἀνὴρ
395 1727 488 1808 χωρὶς
508 1727 670 1804 γυκοιικίς·
692 1724 791 1806 ὥσπερ
812 1731 875 1809 γὰρ
888 1729 991 1805 17001
1005 1728 1102 1794 ἕκσοῦ
1117 1729 1232 1808 ἀνδρὸς,

102 1824 183 1902 οὕτως
215 1833 266 1895 κοιὶ
299 1833 313 1897 ὅ
346 1834 417 1911 dubo
450 1833 500 1898 διὰ
524 1842 578 1909 τῆς
603 1834 766 1912 γυναικός·
792 1838 857 1919 (11,
885 1835 940 1919 12)
965 1837 981 1909 ἡ
1006 1835 1082 1913 γυκὶρ
1106 1834 1137 1899 δὲ
1160 1834 1234 1913 δόξει

101 1937 180 2017 (quid
219 1941 282 2006 hoc
312 1940 404 2024 esti)
429 1939 530 2018 ἀνδρός
556 1941 617 2005 ἕσιν
642 1941 696 2005 xri
719 1941 777 2026 (7).
810 1942 883 2007 Non
906 1944 1006 2022 egent
1029 1943 1110 2009 haec
1132 1945 1234 2008 verba

102 2045 320 2126 explicatione.
351 2049 391 2112 ln
415 2049 555 2116 eandem
583 2048 787 2115 sententiam
811 2049 953 2127 legimus
980 2049 1029 2128 14,
1056 2048 1116 2112 36:
1141 2049 1235 2130 (Quid

101 2167 118 2214 0
146 2152 220 2236 viri,
254 2154 410 2219 mulieres
441 2155 623 2236 prohibetis
654 2155 834 2235 quominus
860 2154 1034 2236 prophetia
1057 2157 1198 2219 utantur
1206 2156 1234 2233 i)

102 2253 184 2322 Num
206 2260 292 2325 forte
314 2260 456 2325 verbum
479 2260 539 2324 Dei
562 2278 583 2325 e
606 2260 703 2325 vobis
725 2259 911 2341 processit?
934 2260 1047 2324 Etiam
1072 2257 1143 2324 Gal.
1168 2261 1234 2344 4,4

102 2365 328 2432 attendebatur
362 2367 403 2431 ad
438 2367 518 2431 illud
553 2364 715 2441 γενόμενοι
747 2365 780 2426 ἐκ
812 2362 956 2440 γυναικός
988 2367 1022 2429 01
1050 2364 1235 2431 luculenter

102 2470 244 2536 scribitur
278 2473 390 2538 virum
425 2475 461 2538 et
491 2471 669 2538 mulierum
704 2474 821 2538 eadem
844 2471 1031 2537 conditione
1061 2489 1136 2537 esse
1162 2471 1233 2537 Gal.

101 2578 128 2651 3,
151 2580 207 2644 28:
231 2579 283 2643 οὐκ
308 2577 349 2642 ἔκι
374 2575 464 2652 ἄρσεν
487 2578 539 2641 nal
565 2580 707 2647 θῆλυ...
733 2578 762 2641 ἐκ
784 2578 881 2657 χριςῷ
906 2575 1014 2650 Ἰησοῦ.

140 2687 164 2750 b.
192 2686 309 2752 Mulier
331 2704 411 2751 Vero
434 2688 568 2753 inferior
591 2690 661 2753 est:
686 2686 813 2763 κεφιιλίρ
837 2686 867 2750 δὲ
892 2683 1036 2763 γοκοικὸι
1062 2685 1076 2749 ὁ
1100 2685 1173 2761 οίκήρ
1197 2689 1233 2751 et

102 2809 176 2871 quae
199 2795 285 2860 ratio
315 2797 369 2860 est
400 2795 488 2859 iuter
519 2793 693 2859 mulierem
717 2796 752 2858 et
774 2793 903 2875 virum,
930 2792 1046 2857 eadem
1069 2795 1121 2857 est
1146 2793 1235 2857 inter

102 2898 201 2965 Virum
222 2904 257 2966 01
283 2900 392 2965 Deum
423 2907 486 2978 (VS.
512 2902 560 2982 3),
586 2901 618 2963 οὐ
641 2898 704 2977 γάρ
729 2900 791 2966 ἕσιν
816 2900 888 2974 οὶιῖρρ
913 2899 947 2961 ἐκ
969 2897 1125 2973 γυναικὸς,
1146 2899 1233 2961 ιὀλλοὶ

103 3006 170 3076 aveir
191 3002 224 3080 ἐξ
245 3005 367 3082 ἄιδρίς·
392 3006 444 3069 κοιὶ
466 3005 528 3083 γὰρ
553 3007 605 3069 οὐκ
626 3005 746 3076 ε’κσίσίκ
766 3006 839 3082 dailo
852 3003 902 3068 διὰ
915 3006 1127 3079 τὴνγυνοοίκοι,
1143 3003 1233 3068 οὶλλοὶ

102 3109 170 3181 auvil
197 3112 245 3174 διὰ
276 3113 327 3176 τὸν
359 3108 462 3188 ἄνδρα.
496 3112 682 3193 Ibidemque
716 3113 766 3192 14,
802 3112 862 3177 35:
888 3108 1082 3187 οιίσχρὸν...
1108 3109 1229 3185 γυνοιικὶ

27 3263 28 3266 ¹
103 3226 198 3280 ισλεῑν
230 3220 259 3281 ἐν
290 3218 449 3300 ἐκκλησίᾳ.
481 3218 529 3283 Cf.
562 3218 680 3299 Ephes.
715 3219 745 3297 5,
774 3216 816 3280 22
851 3234 941 3298 sqq.;
967 3216 1089 3281 001000.
1115 3217 1145 3298 3,
1174 3217 1232 3297 183

106 3322 221 3389 lPetr.
243 3326 282 3407 3,
311 3327 348 3407 13
373 3326 402 3389 6.
432 3327 447 3389 1
475 3324 616 3404 11002,
644 3326 695 3389 11.

138 3429 366 3512 Respondetur
390 3432 433 3496 ad
456 3431 596 3495 alteram
620 3430 850 3512 quaestionem
871 3446 895 3493 c.
921 3426 938 3489 1
963 3426 1036 3493 Gor.
1054 3428 1234 3512 11‚10(?);

104 3533 239 3619 13-15;
265 3538 297 3602 d.
327 3540 376 3617 11,
403 3537 440 3618 5;
466 3538 510 3601 6.«
925 3536 929 3543 ’
999 3592 1001 3599 .

140 3661 163 3705 o.
184 3644 476 3726 supervacaneum
499 3646 552 3709 est
576 3643 749 3710 obvolvere
772 3639 1233 3725 00001εσρίσονὲςὶγυνκῖκο

103 3748 355 3814 ἀκατακάλυπτον
386 3751 428 3829 τῷ
459 3750 513 3842 teo}
544 3749 767 3828 προσεύχεσθαι
791 3747 813 3828 ¹)
846 3749 914 3834 (13)
947 3744 990 3812 ὅτι
1019 3750 1035 3822 ἡ
1060 3747 1139 3825 κε’μκ
1164 3748 1232 3811 olori

104 3854 286 3930 περιβολαίου
311 3854 430 3919 δέδοται
454 3857 544 3936 αὐτῇ.

140 3961 169 4025 0.
198 3962 430 4029 Necessarium
461 3966 514 4027 est
545 3963 719 4029 obvolvere
751 3966 872 4045 caput:
906 3962 996 4024 σᾶσο
1025 3960 1055 4024 δὲ
1086 3960 1164 4037 γονὴ
1179 4007 1186 4023 .
1201 4007 1232 4025 ..

103 4064 349 4146 ιίκοιτοικοιλιίιισῳ
369 4076 407 4150 τῇ
432 4075 558 4149 κεφαλῇ
583 4067 788 4146 κιοσοιισχύκει
814 4069 867 4141 ero
887 4068 1031 4147 κεφοιλῖρν
1053 4066 1163 4141 ἑκυρῆς
1177 4066 1231 4130 κσὲ

107 4224 285 4239 ἢ·

135 4316 160 4374 1)
175 4318 213 4367 Vr.
228 4320 260 4367 10
277 4321 406 4384 corruptus
422 4321 465 4368 001.
484 4319 593 4368 Fortasse
611 4318 682 4368 verbu
698 4314 882 4381 ἐπί-ἀγγέλους
899 4317 957 4367 olim
974 4318 1021 4367 0110
1039 4317 1189 4383 pertinebunt
1206 4321 1230 4367 01

107 4411 136 4444 ve.
151 4399 179 4449 10
199 4400 342 4450 terminetur
359 4417 392 4450 ve.
411 4402 470 4459 100,
488 4404 516 4451 01
533 4400 658 4465 legendum
674 4401 719 4451 eitz
739 4398 780 4449 ire
799 4402 876 4449 voire
894 4398 987 4463 ὀφείλει
1005 4398 1019 4455 ἡ
1037 4398 1099 4463 γυνὴ
1116 4396 1229 4466 ἑξοοσίοιν

109 4475 169 4540 ’ἔχειν
185 4480 396 4532 ἀκατακάλυπτον
414 4487 449 4545 τῷ
468 4481 510 4545 θεῷ
527 4481 719 4545 προσεύχεσθαι.
737 4483 792 4532 Ηο0
809 4484 879 4533 medo
895 4482 973 4533 verbis
990 4481 1048 4544 ἀνὴρ
1066 4479 1109 4531 οὐκ
1126 4482 1228 4544 ὀφείλει,

106 4574 157 4621 queo
170 4578 201 4613 ve.
220 4564 234 4617 7
251 4564 378 4630 leguntur,
395 4565 550 4631 responderet
567 4565 596 4615 de
612 4565 714 4615 muliere
731 4563 825 4628 ὀφείλει
845 4560 960 4631 ἐξουσίαν
977 4561 1063 4627 ἔχειν,
1079 4579 1112 4613 re.
1132 4564 1170 4612 10.
