3192 5325
898 557 941 658 ⁹2

348 740 402 802 est
436 736 591 803 versibus
615 739 636 802 9
659 741 695 804 et
732 741 790 821 10,
828 757 934 821 quum
968 742 1140 821 praeterea
1173 756 1226 805 vs.
1264 740 1304 803 11
1338 736 1493 818 appareat

347 859 465 907 revera
488 843 622 924 hoc-agi
634 848 674 910 ut
686 845 832 924 κήρυγμα
846 846 1060 913 describatur.
1075 847 1155 912 Fuit
1167 846 1310 926 scriptor
1322 843 1335 907 ὁ
1349 840 1493 919 integrent

348 948 408 1010 τῶν
439 948 616 1026 crocitet,
651 952 703 1016 uti
728 953 777 1017 ait
801 955 872 1034 ipse
895 973 946 1020 vs.
972 956 1010 1035 93
1034 954 1111 1018 hinc
1134 952 1353 1031 intelligimus
1377 950 1493 1015 verba:

349 1052 578 1130 παρέδωκα...
615 1052 707 1121 ixei
739 1057 938 1141 παρέλαβον,
973 1077 1093 1140 nempe
1129 1059 1241 1124 docuit
1275 1056 1363 1137 quod
1398 1056 1494 1118 antea

350 1165 522 1241 acceperat
544 1164 587 1228 ab
611 1163 704 1245 aliie,
729 1166 787 1230 sed
811 1165 950 1230 minime
972 1167 1054 1232 haec
1077 1165 1194 1230 idonea
1213 1181 1316 1230 causa
1335 1161 1418 1242 tuit,
1441 1177 1494 1224 cur

350 1267 504 1333 Christus
525 1270 555 1333 61
575 1271 726 1336 omnium
745 1271 865 1337 ultimo
884 1275 1076 1354 appareret:
1097 1272 1164 1337 imo
1181 1269 1341 1349 Magdalis
1358 1266 1495 1333 oriunda

350 1374 415 1439 1111
439 1393 523 1456 quae
547 1377 653 1458 prima
676 1377 851 1442 Christum
874 1378 961 1443 vidit
984 1381 1162 1460 postquam
1186 1375 1344 1443 surrexit.

395 1482 440 1545 2⁰.
466 1482 712 1547 Testimonium
736 1483 844 1548 dicere
864 1485 1026 1566 jubentur
1044 1485 1102 1566 qui
1121 1477 1239 1550 Jesum
1258 1482 1494 1564 postmortem

348 1587 468 1652 vivurn
498 1591 762 1670 conspexerunt,
794 1607 863 1655 vss.
890 1591 996 1656 5—8:
1020 1591 1106 1672 qnod
1130 1591 1228 1670 plane
1250 1587 1417 1653 inutiliter
1440 1584 1493 1663 iit,

349 1693 415 1758 nisi
447 1695 589 1774 scriptor
620 1695 681 1761 hoc
708 1695 821 1775 ipsum
845 1699 925 1775 agat
947 1699 987 1761 11
1009 1697 1218 1761 demonstret
1242 1696 1361 1760 Jesum
1382 1707 1495 1758 revera

332 1800 543 1866 ,surrexisse
580 1799 635 1864 Ac
668 1801 756 1866 idem
792 1802 1046 1867 demonstrandi
1078 1818 1185 1880 genus
1216 1801 1376 1883 pertinet,
1412 1796 1494 1879 quod

347 1908 507 1986 provocat
537 1908 578 1970 ad
606 1911 740 1972 nostrae
764 1908 841 1982 fidei
864 1909 1072 1989 vanitatem,
1099 1908 1129 1973 si
1152 1907 1288 1988 quidem
1308 1906 1408 1971 Jesus
1430 1919 1495 1968 non

347 2011 414 2076 init
444 2012 649 2087 6166116116,
680 2013 722 2077 ad
750 2014 851 2078 tidem
873 2014 1012 2078 minime
1036 2013 1279 2080 sollicitandam
1304 2029 1419 2077 eorum
1442 2009 1495 2090 qui

349 2117 533 2182 docuerunt
563 2118 680 2183 Jesum
711 2121 897 2186 surrexisse
928 2118 996 2202 (14,
1031 2119 1102 2202 15³,
1140 2119 1194 2203 17)
1218 2121 1253 2184 61
1275 2118 1318 2182 ad
1340 2116 1495 2182 miseram

350 2225 475 2289 sortem
503 2228 561 2286 τῶν
592 2224 792 2297 κοιμηθέντων
826 2224 855 2286 ἕν
886 2225 1000 2305 χριςῷ,
1035 2226 1064 2290 Si
1095 2224 1283 2290 certissima
1305 2223 1386 2288 fides
1410 2236 1495 2287 vana

350 2329 455 2395 inisse
479 2332 671 2412 reperietur.

397 2436 442 2500 3⁰.
475 2437 540 2501 Hic
568 2440 685 2502 autem
707 2438 778 2520 Jam
802 2440 950 2506 sumitur
973 2440 1059 2520 quod
1085 2454 1186 2520 supra
1209 2443 1227 2516 ἓ
1252 2438 1271 2501 2
1295 2437 1495 2501 demonstra·

351 2545 426 2607 tum
450 2542 526 2607 fuit.
563 2543 674 2623 Quum
698 2545 799 2610 Jesus
819 2563 897 2610 vere
918 2545 1116 2626 surrexerit,
1139 2546 1211 2627 jam
1230 2544 1402 2625 quaeritur
1421 2539 1495 2621 quid
1547 2621 1550 2628 .

349 2648 426 2714 inde
460 2648 625 2715 efficiatur
656 2647 731 2733 (12;
768 2650 827 2733 13;
861 2649 919 2718 151
953 2651 1030 2717 inde
1054 2652 1096 2717 ab
1119 2647 1181 2733 iv);
1210 2648 1494 2731 16;19(dequo

350 2772 452 2820 versu
482 2773 587 2836 quum
611 2756 753 2822 nimium
776 2759 938 2824 obscurus
960 2758 1025 2834 sit,
1051 2758 1165 2838 quaeri
1187 2758 1301 2839 potest
1325 2756 1414 2821 sitne
1437 2754 1514 2847 161·Ὶ

349 2863 442 2925 tasse
473 2861 664 2926 referendus
687 2864 729 2927 ad
751 2868 769 2941 ὅ
794 2864 846 2948 2);
874 2865 932 2945 20;
957 2881 1009 2949 vs.
1037 2864 1076 2927 21
1103 2880 1170 2927 non
1194 2863 1307 2927 minus
1331 2863 1422 2926 certa
1445 2860 1494 2925 est

349 2968 548 3036 resurrectio
571 2966 709 3034 alterins
732 2968 885 3045 ἀνθρώπου
909 2987 1012 3050 quam
1036 2986 1126 3034 mors
1146 2969 1273 3050 prioris.
1295 2968 1409 3033 Etiam
1429 2982 1492 3031 vss.

351 3071 499 3135 29-32α
517 3073 751 3140 demonstrant
770 3076 967 3157 scriptorem
986 3076 1047 3140 hoc
1067 3076 1205 3155 probare
1227 3074 1327 3157 velle,
1346 3075 1493 3138 mortuos

349 3196 521 3259 resurgere
547 3182 647 3246 sicuti
670 3182 768 3247 Jesus
790 3183 984 3248 resurrexit.
1009 3182 1069 3248 Vs.
1096 3184 1137 3247 22
1162 3184 1322 3246 autema
1346 3179 1492 3261 compila-

350 3287 423 3349 tore
450 3286 637 3366 adscriptus
667 3287 747 3370 fuit,
779 3290 820 3352 ut
851 3306 901 3352 vs.
935 3288 975 3352 21
1010 3306 1088 3353 cum
1110 3305 1161 3353 vs.
1189 3287 1231 3350 23
1256 3284 1493 3367 quodammodo

351 3390 623 3472 conjungeretur3
659 3393 716 3457 sed
751 3410 793 3457 ne
828 3394 940 3474 ipsum
968 3393 1102 3474 quidam
1136 3410 1171 3458 se
1201 3391 1385 3474 intellexit,
1417 3406 1493 3454 nam

350 3492 503 3565 άνάςασις
536 3514 621 3577 quae
650 3500 767 3562 tamen
795 3500 838 3564 ah
870 3500 943 3581 ipsa
966 3500 1047 3564 Jesu
1069 3499 1311 3564 resurrectione
1333 3496 1494 3579 repetitur

243 3594 247 3600 ’
350 3600 401 3678 (cf.
425 3602 455 3685 6,
479 3603 530 3686 14,
552 3603 610 3668 ubi
629 3600 765 3680 ἐξήγειρε
788 3605 995 3688 legendum),
1019 3623 1110 3669 nunc
1122 3622 1180 3686 per
1191 3606 1346 3669 futurum
1359 3602 1493 3682 ζωοποιη-

351 3705 492 3778 θήσονται
523 3708 559 3773 in
591 3709 744 3773 futurum
774 3713 910 3791 tempus
934 3711 1102 3792 differtum
1127 3710 1209 3792 quin
1232 3713 1268 3775 61
1291 3722 1493 3791 consequens

350 3812 437 3878 foret
459 3831 510 3878 vs.
538 3814 580 3878 23
604 3814 718 3878 etiam
732 3815 903 3879 Christum
926 3818 1003 3897 post
1026 3816 1163 3880 demum
1187 3814 1390 3880 suscitatum
1413 3815 1463 3879 in'.
1498 3846 1500 3850 ·

396 3919 441 3981 4⁰.
481 3921 719 3997 argumentum
756 3922 923 3985 tractatur
956 3922 997 3985 ab
1032 3921 1112 3986 Jesu
1147 3920 1390 3985 resurrectione
1414 3918 1493 3985 ,alie-

351 4041 452 4105 num;
490 4024 571 4104 quin
605 4028 641 4089 et
674 4028 802 4106 pugnat
833 4026 912 4091 illud
944 4023 1079 4105 ἔσχατος
1111 4024 1217 4104 ἐχθρὸς
1250 4022 1493 4103 καταργεῖταιὸ

352 4128 483 4199 θάνατος
507 4130 578 4215 (26)
598 4148 675 4196 oum
698 4130 736 4194 δι’
760 4130 913 4210 ἀνθρώπου
939 4130 1090 4201 dodrante
1116 4131 1180 4215 (VS.
1207 4132 1263 4214 21)
1287 4134 1322 4196 et
1347 4131 1387 4195 of.
1412 4131 1495 4195 infra
1533 4148 1534 4156 ’

350 4254 402 4302 vs.
436 4235 489 4301 54.
526 4233 684 4318 scriptori
713 4238 835 4301 horum
858 4237 1000 4302 duorum
1019 4254 1182 4302 versuum
1204 4254 1294 4302 mors
1315 4238 1387 4318 jam
1410 4253 1495 4302 nunc

351 4342 491 4407 interiit.
516 4343 577 4408 Vs.
603 4342 735 4407 23-28
758 4346 812 4407 661
834 4342 1001 4423 imprimis
1024 4342 1169 4408 notabile
1192 4342 1388 4407 6666611611
1408 4359 1494 4406 man-

352 4466 467 4513 suram
490 4448 710 4513 hierarchiam
735 4448 764 4510 ἐν
788 4457 826 4527 τῇ
852 4447 1020 4532 παρουσίᾳ,
1045 4465 1110 4528 qno
1130 4448 1216 4513 circa
1227 4448 1331 4513 etiam
1343 4464 1395 4511 vs.
1410 4448 1489 4511 39-

351 4556 391 4619 41
419 4555 533 4621 eodem
558 4556 679 4621 referre
701 4554 829 4639 licebit,
850 4571 931 4621 nam
950 4555 995 4620 ibi
1014 4571 1144 4638 quoque
1161 4570 1270 4619 sermo
1288 4553 1329 4620 fit
1344 4553 1494 4621 (16611111-
1563 4560 1566 4571 ‘
