3192 5325
510 634 512 637 ¹
613 557 677 622 aas

115 738 169 805 Ad
199 741 344 822 primam
373 741 545 822 periodum
568 738 724 806 Christus
751 740 916 823 pertinet,
943 741 1050 822 qualis
1074 742 1108 807 iu
1133 739 1219 822 Apo·

75 845 197 927 calypsi
229 847 420 928 depingitur
427 869 436 929 ;
466 847 508 912 ad
531 847 669 912 tertiam
692 846 865 912 referimur
889 848 924 911 in
950 847 1140 926 Evangeliis
1165 846 1220 912 Oa·

76 951 201 1018 tholiois
232 955 286 1019 vel
318 954 512 1035 Canonicis3
545 953 697 1036 sequitur
728 954 812 1018 satis
846 954 983 1034 longum
1006 952 1220 1018 intervallum

73 1056 174 1123 tuisse
204 1060 294 1125 iuter
325 1061 411 1126 hanc
434 1063 470 1127 et
492 1060 593 1126 illam.
618 1061 691 1126 Hoc
713 1078 751 1126 eo
776 1060 906 1126 facilius
931 1060 1025 1126 nobis
1049 1060 1221 1141 persuade·

73 1163 196 1248 bimus,
230 1167 260 1232 si
283 1167 432 1248 primum
455 1168 755 1249 observaverimus
782 1166 1062 1250 Apocalypticum
1086 1167 1221 1246 scripto·

74 1287 141 1336 rem
173 1272 326 1352 ignorare
354 1275 642 1356 quemadmodum
678 1274 774 1340 Iesus
807 1274 842 1339 in
866 1274 1054 1339 Palaestina
1077 1273 1218 1356 vixerit,

75 1379 107 1439 et
138 1377 373 1459 Evangelistas
403 1382 444 1448 ab
474 1381 580 1446 altera
610 1383 705 1462 parte
741 1397 820 1445 cum
851 1378 948 1444 Actis
982 1378 1220 1460 Apostolorum

75 1483 155 1548 miro
185 1486 284 1552 modo
316 1487 414 1570 plane
447 1491 558 1554 tacere
580 1489 621 1553 de
646 1487 804 1568 peculiari
826 1485 882 1552 illa
905 1486 1095 1551 Christiana
1117 1485 1220 1565 religi-

76 1607 133 1654 one
156 1609 241 1673 quae
266 1594 346 1660 olim
369 1595 406 1660 in
428 1595 513 1661 Asia
537 1595 663 1660 Minore
687 1593 877 1659 effloruerit.

117 1698 157 1762 ln
186 1699 406 1783 Apocalypsis
436 1702 628 1768 confusione
658 1701 845 1781 reperimus
882 1698 1008 1765 Christi
1038 1699 1219 1782 imagines,

77 1819 155 1883 quae
178 1809 296 1886 postea
318 1807 607 1889 discriminantur3
629 1806 735 1888 χριςὸν
755 1807 870 1885 terrete
887 1806 990 1887 Apoc.
1014 1806 1221 1887 14,15sqq.;

78 1913 177 1988 χροςὸν
212 1912 351 1976 πτύοντα
374 1915 479 1996 Apot.
503 1916 542 1997 3,
569 1917 626 1996 16;
650 1913 756 1995 xpeto
781 1919 902 1992 οωτῆροι
928 1912 1031 1994 Apoc.
1060 1913 1094 1995 1,
1122 1913 1160 1992 5;
1182 1910 1220 1986 5,

78 2016 105 2078 9.
139 2019 337 2099 Reperimus
370 2017 414 2084 1⁰.
440 2020 594 2102 Aguum,
618 2023 663 2087 20.
687 2020 906 2102 iracundum,
933 2018 990 2100 qui
1012 2019 1222 2082 frumentum

78 2122 227 2207 triturat,
263 2129 309 2192 3⁰.
341 2128 428 2192 llum
464 2129 521 2210 qui
553 2146 615 2194 nos
645 2127 762 2207 diligit.
798 2126 997 2208 Reperimus
1028 2125 1072 2187 10.
1096 2123 1220 2206 Deum,

77 2244 171 2308 quem
194 2232 344 2311 virginea
367 2233 483 2299 cohors
506 2233 705 2317 comitatur,
732 2233 777 2298 2⁰.
803 2232 947 2298 militem
964 2247 1048 2312 equo
1067 2233 1220 2312 vectum,

79 2333 119 2399 30.
142 2337 289 2403 amicum
319 2339 376 2420 qui
406 2339 507 2404 sicuti
538 2340 740 2405 Bethaniam
772 2338 852 2405 olim
885 2338 981 2403 venit
1011 2337 1052 2402 ad
1087 2351 1219 2418 omnes,

78 2457 141 2506 una
168 2446 379 2509 coenaturus.
403 2445 495 2510 Haec
518 2445 633 2510 omnia
656 2444 854 2527 copulantur
877 2461 944 2508 non
968 2443 1082 2508 minus
1105 2441 1222 2506 nativo

79 2549 169 2614 modo
190 2567 293 2630 quam
315 2552 403 2632 apud
431 2552 619 2618 Homerum
642 2554 894 2635 conjunguntur
918 2560 945 2613 Δ
973 2551 1055 2631 514;
1082 2556 1109 2610 Η
1134 2549 1221 2612 58-
1328 2593 1330 2596 -

79 2652 133 2735 60;
159 2664 185 2718 0
213 2657 388 2724 tao-261
415 2677 495 2723 cum
519 2668 547 2723 ll
573 2656 770 2740 513-5293
791 2656 1082 2739 ota-6833quin
1101 2658 1137 2721 et
1156 2673 1223 2721 uno

80 2761 253 2845 eodemque
276 2765 346 2830 loco
373 2772 408 2826 Ω
434 2764 577 2849 59-63,
603 2766 720 2848 Apollo
744 2767 853 2848 lyram
874 2767 985 2842 tenet,
1000 2764 1106 2829 malos
1126 2762 1222 2828 comi·

79 2865 166 2933 tatur
196 2871 231 2934 et
262 2869 327 2933 altr
360 2868 471 2943 ἄπιςοο
495 2876 548 2937 est
574 2871 724 2954 (quaerat
747 2873 822 2953 quis
846 2872 913 2936 tale
936 2869 1014 2952 quid
1039 2869 1126 2951 apud
1150 2868 1222 2934 Pin-

82 2970 194 3039 darum
216 2976 323 3041 veluti
347 2978 477 3060 Olymp.
504 2979 561 3061 14,
591 2980 632 3042 10
656 2996 726 3060 sqq.
751 2979 805 3042 vel
829 2978 929 3060 Pyth.
959 2975 1001 3061 1).

123 3080 276 3164 Quisquis
299 3085 412 3149 estin
432 3084 634 3166 Apocalypsi
658 3078 756 3160 ὅμοιος
777 3084 828 3164 υἱῷ
854 3078 1017 3163 ἀνθρώπου,
1043 3083 1132 3147 certe
1155 3098 1222 3147 uon

82 3183 163 3251 idem
196 3190 260 3254 erit
283 3190 339 3271 qui
362 3190 424 3259 οἰὸς
448 3189 610 3268 ἀνθρώπου.
635 3192 707 3257 Ηοο
732 3194 849 3256 autem
871 3189 993 3268 legitur
1016 3188 1052 3253 iu
1075 3188 1116 3253 iis
1140 3187 1222 3252 liat·
1290 3226 1293 3231 -

82 3288 165 3356 thaei
193 3295 372 3379 capitibus,
405 3313 547 3377 quorum
575 3298 663 3362 color
697 3296 940 3377 quodammodo
975 3293 1223 3376 apocalypticus

82 3400 137 3461 est.
168 3400 335 3467 Videntur
358 3404 462 3468 fuisse
488 3403 546 3484 qui
569 3403 796 3469 Palaestinam
821 3403 1052 3484 peragrarent,
1079 3403 1118 3465 ut
1141 3417 1223 3465 nun-

83 3501 200 3571 ciarent
231 3508 416 3573 adventum
446 3509 519 3574 eius
548 3509 605 3590 qui
634 3511 801 3575 venturus
833 3511 924 3590 erat,
962 3510 1014 3571 τοῦ
1048 3505 1222 3586 ἐρχομένου.

83 3606 193 3676 Matth.
232 3614 290 3694 10,
324 3614 365 3677 23
397 3615 555 3679 dicuntur
584 3633 652 3681 uon
675 3615 945 3681 consummaturi
969 3631 1042 3679 esse
1057 3612 1223 3686 ,civitates

85 3711 191 3799 Israel,
205 3715 259 3789 ἕως
284 3716 322 3783 ἂν
346 3717 416 3798 ἔλθῃ
439 3722 454 3781 o‘
477 3720 538 3790 υἱὸς
562 3723 616 3782 τοῦ
639 3720 801 3795 ἀνθρώπου.
829 3720 897 3786 Nec
917 3720 1070 3785 Christus
1092 3718 1223 3799 patiens

85 3824 149 3886 erat
171 3842 270 3905 quem
293 3828 550 3907 exspectabant,
576 3827 633 3892 sed
657 3826 760 3892 Filius
785 3827 940 3893 Hominis
964 3828 1131 3891 venturus
1151 3828 1229 3890 erat-

86 3924 115 3989 in
135 3930 235 4008 gloria
265 3932 376 3997 Patris
407 3934 460 3998 sui
486 3951 564 3998 cum
594 3933 720 4012 angelis
744 3934 832 4016 suis,
859 3936 900 3997 ut
924 3933 1075 3999 redderet
1098 3932 1222 3996 unicui-

84 4048 140 4111 que
161 4038 347 4103 secundum
365 4056 463 4121 opera
481 4039 564 4105 eius.
585 4041 691 4105 Erant
710 4043 793 4105 tuuc
815 4039 989 4120 viventes,
1011 4039 1068 4120 qui
1080 4039 1224 4104 mortem

83 4155 142 4206 11011
169 4145 339 4223 gustaturi
369 4148 482 4229 erant,
516 4146 620 4211 donec
652 4146 808 4211 viderent
832 4142 883 4207 τὸν
909 4144 970 4208 υἱὸν
994 4147 1047 4207 τοῦ
1072 4143 1223 4223 ἀνθρώπου

85 4244 237 4327 ἐρχόμενον
261 4250 291 4313 ἕν
314 4260 353 4331 τῇ
375 4250 526 4333 βασιλείᾳ
550 4251 645 4315 αὐτοῦ
660 4248 694 4329 1).
721 4252 794 4316 Hoc
818 4254 954 4331 tempus
979 4252 1052 4316 erat
1073 4250 1225 4315 futurum

84 4357 349 4438 regenerationis
374 4375 480 4439 quum
503 4358 664 4423 satellites
690 4358 844 4423 sederent
866 4373 966 4468 super
990 4356 1087 4422 sedes
1110 4356 1225 4422 duode-

89 4508 266 4521 —Q-

117 4589 142 4655 1)
158 4591 248 4643 Manu
267 4592 308 4652 lt,
325 4589 358 4643 27
374 4607 410 4655 oq.
