3192 5325
609 598 613 603 =
637 553 701 620 243

101 735 160 799 rim
191 736 362 800 aedificare
393 736 536 801 voluerit
568 736 620 801 vel
651 734 774 800 bellum
805 736 1032 816 committere,
1065 754 1132 802 non
1162 739 1240 802 ante

101 841 225 920 paratis
254 859 339 922 quae
370 842 411 907 ad
442 842 677 923 perficiendum
708 842 895 906 necessaria
927 831 1008 906 eunt
1022 837 1058 925 ¹).
1090 843 1151 923 Qui
1175 860 1241 907 non
1364 898 1366 903 .

101 947 272 1012 renunciat
302 948 458 1012 omnibus
488 964 571 1028 quae
602 947 767 1028 possidet,
800 965 868 1012 non
897 950 1008 1028 potest
1041 965 1139 1012 meus
1170 964 1243 1012 esse

102 1052 297 1134 discipulus;
318 1057 372 1119 est
389 1053 557 1118 insulsum
573 1053 638 1134 sal,
652 1053 738 1133 quod
750 1069 792 1117 116
805 1054 840 1117 in
853 1052 1098 1134 sterquilinium
1111 1054 1244 1134 quidem

102 1159 179 1223 utile
209 1162 279 1240 est,
313 1159 369 1224 sed
399 1159 487 1224 foras
511 1160 668 1224 mittetur
680 1155 715 1235 ⁹).
742 1159 815 1223 Filii
839 1158 939 1223 huius
963 1158 1086 1224 saeculi
1110 1160 1244 1224 nubunt

101 1267 134 1328 et
155 1265 337 1330 traduntur
360 1266 401 1330 ad
425 1265 580 1346 nuptias3
609 1265 655 1329 illi
674 1281 753 1329 vero
773 1264 830 1345 qui
850 1264 940 1343 digni
960 1264 1171 1329 habebuntur
1183 1265 1244 1329 hoc

102 1389 185 1436 novo
216 1373 362 1454 saeculo,
388 1389 494 1452 neque
518 1373 652 1436 nubunt
675 1387 781 1451 neque
806 1371 933 1435 ducunt
957 1387 1087 1436 uxores.
1121 1371 1244 1436 Inutile

102 1480 151 1541 est
181 1493 361 1559 propagare
392 1494 515 1558 genus3
542 1475 614 1540 οὔτε
637 1477 700 1554 γὰρ
723 1479 885 1539 ἀποθανεῖν
908 1473 951 1538 ἔτι
977 1475 1120 1539 δύνανται
1136 1475 1168 1553 ³).
1195 1476 1242 1540 Of.

102 1582 234 1662 Apocal.
262 1584 320 1665 14,
347 1585 377 1647 4.
1291 1587 1292 1590 ’

146 1688 230 1752 Ecce
266 1690 426 1753 mandata
459 1688 578 1769 primis
612 1688 783 1771 Apostolis
817 1690 912 1754 data:
943 1689 1016 1770 jam
1047 1706 1114 1753 non
1145 1690 1245 1752 erunt

103 1793 206 1874 sapidi
237 1794 315 1858 salis
339 1795 392 1859 vel
414 1793 521 1860 almae
541 1793 628 1858 lueis
652 1794 795 1874 similes;
821 1795 992 1860 horrisona
1015 1796 1098 1859 tuba
1121 1794 1245 1860 bellum

102 1902 199 1966 oanit.
232 1902 265 1965 Α
295 1900 411 1967 diebus
442 1900 603 1966 Johannis
627 1902 801 1982 Baptistae
824 1918 965 1980 regnum
988 1902 1152 1967 coelorum
1174 1901 1245 1965 vim

103 2007 230 2084 patitur
253 2008 289 2070 et
312 2005 450 2072 violenti
469 2006 605 2087 rapiunt
624 2008 715 2072 illud.
748 2008 899 2088 Arripiat
919 2008 982 2072 sibi
1003 2009 1142 2089 quisque
1160 2025 1247 2072 sum-

102 2129 194 2176 mum
217 2111 314 2195 illud,
336 2113 378 2177 ad
401 2111 488 2194 quod
511 2111 633 2191 vulgus
656 2113 751 2178 humi
771 2129 891 2193 repens
911 2131 1097 2195 numquam
1116 2113 1247 2179 attollet

104 2218 221 2283 oculos.
260 2214 361 2283 Stulti
392 2221 473 2283 sunt
503 2220 560 2299 qui
592 2222 717 2301 putant
748 2237 784 2284 se
813 2219 972 2300 populum
996 2221 1109 2286 docere
1132 2237 1246 2301 posse:

103 2324 259 2404 quidquid
282 2323 401 2404 agitis,
426 2313 539 2390 odium
562 2325 691 2406 paritis
721 2324 850 2390 Canitis
874 2342 935 2390 neo
959 2325 1102 2406 saltant3
1127 2327 1246 2390 lamen·

103 2430 183 2496 tatis
206 2446 268 2495 nec
286 2429 459 2510 plangunt.
483 2431 589 2495 Venit
607 2432 777 2497 iohannes
796 2448 903 2512 neque
922 2432 1129 2497 manducans
1142 2447 1248 2511 neque

104 2536 233 2601 bibens:
266 2535 488 2601 Daemonium
518 2537 627 2602 habet.
664 2537 768 2602 Venit
798 2537 953 2602 Christus
985 2539 1191 2603 manducans
1214 2540 1249 2602 et

104 2642 234 2709 bibens:
256 2660 333 2708 cum
352 2643 466 2724 pravis
478 2642 669 2709 hominibus
681 2643 900 2709 consociatur.
924 2644 1088 2710 Rumores
1102 2643 1249 2725 spernite

106 2750 203 2829 vulgi.
228 2741 419 2815 iustificata
441 2752 496 2814 est
518 2750 688 2831 Sapientia
712 2769 732 2815 a
755 2749 833 2815 filiis
858 2751 939 2815 suis.

149 2856 227 2921 Jam
261 2855 332 2935 ipse
365 2855 519 2935 desperat
552 2856 591 2920 de
627 2855 792 2921 Galilaeae
827 2856 975 2921 urbibus.
1018 2856 1180 2921 Chorazin
1214 2859 1249 2921 et

105 2961 284 3027 Bethsaida
306 2960 477 3026 habebunt
499 2960 586 3041 quod
608 2962 694 3043 Tyro
715 2964 750 3025 et
767 2957 879 3025 Sidoni
899 2960 1082 3025 invideant.
1109 2961 1248 3041 Caphar-

105 3085 207 3133 naum
238 3083 344 3147 usque
374 3066 410 3131 in
442 3065 612 3131 infernum
635 3066 820 3131 descendet.
857 3065 1027 3146 Numquid
1051 3066 1154 3145 igitur
1176 3066 1250 3132 illae

105 3176 201 3239 urbes
223 3174 404 3255 peccarunt
427 3175 462 3237 et
485 3174 629 3239 scientes
652 3173 737 3238 male
760 3172 875 3237 fraude
895 3171 1100 3255 Sapientiam
1120 3191 1249 3253 spreve-

106 3281 210 3345 runt?
240 3280 312 3344 imo
342 3278 433 3344 Deus
464 3279 671 3344 abscondidit
703 3278 910 3359 Sapientiam
941 3295 961 3342 a
985 3278 1193 3359 sapientibus
1216 3282 1251 3345 et

106 3385 342 3466 prudentibus,
368 3384 525 3465 quoniam
549 3385 598 3450 sic
617 3385 683 3450 fuit
702 3384 874 3466 placitum.
897 3384 1002 3449 Nemo
1023 3384 1119 3450 novit
1129 3386 1251 3450 Filium

107 3493 158 3557 vel
180 3493 334 3574 Patrem,
359 3491 423 3555 nisi
448 3491 502 3554 cui
526 3490 689 3556 divinitus
712 3491 899 3556 revelatum
922 3490 1023 3556 fuerit
1036 3491 1072 3575 ⁴).

150 3599 255 3663 Docet
286 3596 420 3678 quidem
450 3599 485 3661 et
518 3597 694 3678 discipulos
718 3614 796 3662 suos
820 3597 934 3662 docere
955 3598 1067 3679 jubet,
1093 3599 1252 3685 sedante

108 3706 218 3770 omnia
241 3703 302 3768 hoc
325 3702 395 3781 agit
417 3706 459 3766 ut
481 3703 738 3784 superstitiones
762 3710 797 3766 et
821 3720 943 3783 pravae
967 3704 1058 3781 vulgi
1082 3704 1252 3784 opiniones

108 3810 268 3875 tollantur
298 3810 334 3872 et
363 3808 581 3873 eradicentur.
613 3809 688 3872 itur
712 3826 771 3890 per
794 3810 870 3873 sata
894 3809 1046 3873 sabbato!
1073 3808 1253 3874 Velluntur

110 3916 233 3998 spicae,
258 3916 300 3977 ut
322 3914 512 3992 exagitetur
535 3914 749 3979 sabbatorum
784 3913 888 3992 rigida
911 3914 1141 3979 observantia!
1178 3913 1253 3978 Non

111 4037 233 4102 susque
264 4020 369 4100 deque
393 4036 465 4083 rem
488 4020 654 4084 habebant
677 4019 864 4084 meticulosi
887 4019 1065 4085 Pharisaei.
1091 4020 1254 4085 Davidem
1280 4078 1282 4083 ,

115 4167 342 4180 ——————=

145 4249 173 4313 1)
190 4249 248 4297 Luc.
266 4248 305 4306 14,
321 4246 427 4295 ali-31.

147 4330 173 4391 2)
190 4330 248 4378 Irnc.
266 4330 307 4389 14,
327 4330 359 4377 34
377 4344 426 4391 sqq.

145 4412 243 4472 3)11nc.
259 4410 301 4471 20,
319 4411 350 4460 35
367 4426 419 4473 sqq.
442 4408 483 4473 qni
503 4408 568 4458 locus
584 4413 726 4459 retractatus
742 4413 791 4467 est,
811 4413 837 4458 ut
856 4412 923 4460 lieret
944 4410 1085 4461 vaticinium
1104 4413 1133 4461 de
1151 4414 1200 4463 vita
1217 4415 1253 4463 fu-

113 4501 178 4543 tura:
196 4493 250 4542 vide
267 4492 339 4541 ctiam
353 4492 486 4541 versionem
504 4490 657 4556 Belgicorum
674 4491 809 4541 Ordinem.

147 4576 175 4637 4)
192 4575 286 4627 Matth.
303 4590 355 4640 cap.
373 4574 414 4622 11.
