3192 5325
895 494 939 557 88

385 678 424 742 16
455 681 576 744 666116
610 677 752 743 16116616
782 676 964 757 quidquam
995 673 1188 739 invenimus
1216 672 1256 736 de
1280 670 1492 751 peccatorum

342 784 559 864 remissione;
583 784 618 848 in
639 784 744 848 altera
763 781 805 847 ad
825 782 906 847 Jesu
925 782 1070 845 mortem
1087 777 1176 843 nullo
1188 777 1285 843 modo
1296 774 1491 855 respicitur:

342 906 404 953 nec
441 892 585 970 possunt
614 888 869 953 vetustissimae
895 886 1056 951 formulae
1077 884 1231 967 intelligi,
1257 882 1287 948 61
1309 896 1393 947 vera
1413 880 1491 943 sunt

340 1012 424 1075 quae
458 996 498 1060 de
526 995 558 1059 S.
585 996 694 1059 Coena
717 993 817 1073 ungo
841 993 1036 1074 traduntur,
1062 990 1119 1055 sed
1141 989 1297 1054 facillima
1319 986 1489 1051 intellectu

340 1105 421 1165 sunt
440 1102 482 1166 ad
501 1119 576 1166 eam
595 1101 721 1181 lucem,
744 1118 846 1181 quam
869 1098 1022 1180 Epistula
1043 1097 1085 1161 ad
1108 1094 1298 1160 Corinthios
1321 1090 1421 1157 nobis
1444 1106 1488 1154 ac·

337 1207 456 1272 cendit.
1173 1270 1174 1273 ,

385 1312 499 1393 Neque
519 1314 581 1378 hoc
599 1314 725 1378 mirum
744 1316 808 1377 661.
829 1312 929 1393 Apud
950 1311 1093 1376 16116666
1114 1311 1219 1388 66116,
1241 1306 1298 1388 qui
1310 1306 1353 1371 ab
1365 1305 1487 1370 haustu

311 1416 511 1497 'mugiunis
542 1422 640 1484 tanto
673 1435 770 1500 opere
793 1412 1044 1499 abhorrebant,
1058 1413 1198 1492 ποτηρίου
1222 1430 1306 1478 6666
1328 1411 1408 1478 61111
1430 1409 1486 1474 111

336 1524 448 1603 potuit
477 1524 578 1605 Apud
610 1524 754 1590 Graecos
785 1526 919 1606 autem,
947 1522 1114 1603 imprimis
1136 1522 1317 1601 postquam
1340 1513 1485 1597 Orphicis

336 1631 546 1695 caerimoniis
579 1634 681 1696 vetus
713 1629 921 1712 mythologia
948 1646 1072 1693 novam
1095 1625 1191 1708 quasi
1214 1625 1358 1689 formam
1381 1622 1485 1686 induit

342 1772 374 1781 -
404 1754 469 1816 quo
494 1737 554 1801 vix
572 1737 755 1818 quidquam
775 1736 811 1800 in
835 1736 897 1801 hoc
915 1751 1034 1814 genere
1055 1730 1301 1797 memorabilius
1313 1744 1483 1794 censemus

336 1857 472 1905 esse-
494 1842 633 1906 minime
665 1842 819 1907 inaudita
845 1842 919 1905 erat
942 1838 1003 1904 Dei
1022 1838 1183 1920 patientis
1207 1835 1343 1899 κοινωνία
1368 1837 1421 1897 τοῦ
1443 1828 1482 1894 οἵ·

337 1970 437 2021 ματος
460 1949 610 2028 satisque
634 1948 812 2013 credebant
831 1947 991 2027 populum
1011 1943 1200 2009 innocentis
1219 1941 1395 2021 sanguinis
1411 1940 1481 2004 6116-

338 2052 431 2117 sione
454 2054 620 2133 purificari
642 2070 740 2135 posse
755 2054 787 2129 ¹).
820 2054 939 2133 Itaque
962 2050 1177 2131 consequitur
1199 2049 1231 2113 S.
1256 2049 1404 2113 Coenam
1421 2062 1482 2110 666

338 2176 413 2224 esse
444 2160 662 2225 derivandam
685 2177 728 2224 ex
751 2158 904 2224 Paschali
928 2159 1013 2223 festo
1035 2156 1283 2237 israelitarum,
1309 2171 1372 2219 nec
1396 2150 1484 2232 panis

341 2266 521 2347 frangitur,
558 2269 598 2330 ut
621 2267 682 2331 hoc
708 2268 861 2345 utamur,
886 2264 964 2345 quia
992 2262 1233 2344 paterfamilias
1255 2260 1345 2341 apud
1369 2255 1484 2323 Israeli·

341 2372 397 2435 tas
429 2370 549 2436 itidem
572 2388 694 2451 panem
718 2369 852 2448 frangit.
883 2369 998 2434 Etiam
1021 2369 1062 2433 ad
1086 2366 1281 2431 Paschalem
1304 2380 1428 2444 agnum
1448 2364 1484 2425 ut

340 2478 442 2541 vetus
466 2476 667 2541 institutum
689 2476 874 2556 explicetur
898 2492 964 2539 666
988 2474 1164 2555 respicitur
1176 2468 1210 2550 ⁹).

385 2580 418 2644 S.
440 2580 566 2664 Coena,
589 2598 695 2661 quum
715 2580 836 2645 vinum
854 2581 1001 2645 bibimus
1021 2585 1076 2648 τῆς
1097 2577 1193 2653 ἁγίοις
1215 2574 1362 2650 ἀμπέλου
1376 2571 1484 2649 nodie,

339 2687 501 2751 instituta
528 2687 594 2751 fuit
617 2691 798 2768 antequam
822 2688 988 2752 creditum
1011 2689 1065 2751 est
1088 2685 1214 2750 Christi
1239 2684 1401 2763 sanguine
1421 2697 1484 2762 pec

340 2795 416 2858 cata
443 2796 561 2858 nostra
583 2793 701 2858 redimi
723 2811 838 2874 posse;
866 2793 1013 2859 solemne
1036 2796 1106 2875 est,
1131 2791 1393 2872 comparandum
1415 2805 1484 2854 cum

339 2897 492 2979 Orphicis
517 2899 719 2964 Graecorum
743 2899 970 2980 caerimoniis,
992 2900 1133 2979 sed'quo
1151 2901 1301 2978 ternpore
1313 2892 1485 2961 Christiani

339 3004 418 3069 illud
444 3005 593 3070 solemne
616 3004 763 3086 amplexi
787 3009 884 3088 sunt,
912 3005 1194 3070 transformatum
1217 3005 1271 3066 661
1294 3004 1336 3066 61
1354 2999 1483 3081 spiraret

339 3109 461 3190 aliquid
486 3110 604 3192 altius,
629 3110 746 3190 purius
770 3113 806 3174 et
830 3110 1059 3175 excellentius.
1083 3111 1122 3174 ln
1146 3108 1364 3189 omophagiae
1388 3107 1483 3171 locum

341 3216 504 3280 successit
527 3215 652 3279 Christi
672 3232 763 3297 caro,
790 3232 856 3295 qua
886 3215 1065 3298 symbolice
1088 3214 1257 3280 vescimur
1281 3207 1483 3296 (1611611)

339 3323 376 3386 et
407 3322 499 3385 furor
530 3321 729 3398 orgiasticus
761 3321 925 3402 cessauit,
957 3325 998 3386 ut
1026 3321 1141 3402 poculo
1164 3321 1257 3385 locus
1281 3321 1388 3399 66661,
1411 3329 1483 3397 quae

340 3427 586 3492 commonstrat
610 3425 760 3488 κοινωνίαν
784 3429 838 3488 τοῦ
863 3423 996 3502 αἵματος
1021 3429 1129 3507 χριςοῦ
1147 3421 1183 3510 ³).

379 3670 405 3733 l)
423 3669 460 3717 cf.
480 3669 508 3717 V.
518 3685 537 3717 c.
556 3668 644 3716 Athen.
663 3684 686 3732 p.
705 3669 754 3717 602
771 3667 907 3733 (διαβόητοι
925 3665 1013 3735 adel).
1031 3670 1198 3733 1116616611.
1216 3669 1352 3734 1111161668
1364 3663 1481 3734 (γνωσθεὶς

344 3749 371 3798 δὲ
395 3751 462 3812 παρὰ
484 3752 538 3807 veie
562 3748 694 3815 (Ἕλλησι).
718 3751 780 3800 Cum
796 3751 889 3800 Metth.
907 3752 947 3810 26,
966 3751 997 3800 26
1015 3752 1188 3815 quodammodo
1214 3751 1319 3800 conferri
1336 3755 1414 3817 potest
1430 3749 1482 3798 Plst.

344 3834 401 3898 Rep.
421 3848 443 3897 p.
466 3833 514 3880 363
532 3833 671 3891 (Μουσαῖος
689 3829 716 3880 δὲ
733 3831 849 3898 τούτων).

378 3916 405 3979 2)
425 3915 438 3962 1
458 3915 513 3963 Cor.
534 3918 554 3962 1.
577 3912 591 3964 7
610 3929 659 3961 666
676 3914 828 3963 referendum
845 3915 874 3962 ad
891 3917 914 3963 S.
933 3916 1044 3964 Coenam,

379 3999 407 4061 3)
434 3996 527 4044 Diserte
551 3997 696 4044 affirmemus
718 4011 761 4044 nos
783 3996 809 4044 in
832 3996 873 4052 iis,
897 4013 957 4060 qnae
980 3998 1009 4045 sd
1033 3997 1198 4061 Evangelicsm
1215 3997 1344 4048 historiam
1360 3998 1481 4064 pertinent,

345 4094 392 4127 non
415 4094 443 4126 66
466 4077 582 4136 scribere,
601 4093 661 4140 quae
679 4093 845 4141 usquequaque
863 4077 1013 4126 6161166161
1031 4082 1100 4144 perte
1117 4077 1184 4127 nobis
1201 4078 1307 4128 stabilita
1325 4080 1435 4130 ridentur
1449 4076 1481 4126 sed

345 4176 373 4208 66
399 4162 507 4218 1661616,
526 4175 587 4223 quse
606 4159 746 4208 deriventur
762 4175 790 4207 ex
807 4159 982 4209 accuratissime
999 4159 1197 4226 interpretatione
1214 4176 1298 4210 6616111
1315 4162 1480 4228 Epistularum,

345 4257 403 4305 quas
428 4240 495 4289 nobis
518 4241 646 4290 6616611666
663 4242 808 4289 tractandas.
828 4241 893 4305 Quid
910 4242 1051 4290 censendum
1069 4241 1101 4289 sit
1116 4242 1145 4289 116
1159 4241 1295 4305 Evangeliis
1312 4245 1379 4292 etde
1396 4244 1482 4308 Aposto-

346 4325 426 4373 lorum
451 4323 533 4382 Aetis‚
560 4338 608 4371 non
631 4321 709 4370 obiter
737 4326 761 4371 61
785 4322 1481 4385 6666111111666661666166611116161.816611166616116

296 4409 301 4420 ’
345 4405 425 4454 6161116
448 4404 568 4462 videmus,
591 4403 743 4466 singularum
767 4403 949 4468 disciplinarum
967 4403 1071 4452 diversas
1087 4420 1136 4453 esse
1155 4401 1297 4464 ὑποθέσεις,
1316 4422 1375 4470 ques
1391 4405 1480 4454 nondum

344 4487 408 4536 inter
430 4501 480 4534 sese
500 4485 648 4552 imprudenti
673 4485 773 4534 coneilio
793 4485 934 4534 contendere
951 4501 993 4535 nos
1012 4489 1118 4551 oportet,
1138 4485 1170 4534 sic
1187 4485 1248 4535 bons
1265 4488 1393 4538 methodus
1408 4486 1430 4534 id
1446 4484 1479 4532 ds·
