3192 5325
613 557 677 621 239

65 738 156 803 bibet
170 735 207 814 ¹).
244 739 315 819 Quo
339 740 490 818 tempore
514 739 611 802 extra
635 754 672 802 se
696 738 809 819 ipsum
833 737 986 820 effertur,
1007 737 1124 802 vident
1142 755 1220 804 eum

64 843 217 924 discipuli
238 844 465 926 colloquentes
489 860 567 908 cum
588 844 774 923 legislatore
793 847 829 908 et
848 860 969 922 magno
987 843 1148 925 propheta
1166 861 1219 909 ve·

64 951 142 1015 teris
168 950 381 1016 oeconomiae
394 946 429 1026 ⁹).

107 1058 173 1122 Hic
197 1057 290 1123 locus
317 1060 452 1122 revocat
475 1057 571 1121 nobis
595 1057 630 1121 in
655 1058 854 1124 memoriam
880 1057 1052 1124 0110001001
1077 1058 1148 1124 sive
1172 1076 1220 1123 sa-

67 1162 230 1242 pientiam
250 1164 496 1244 Hebraeorum,
518 1180 603 1243 quae
632 1165 812 1244 exponitur
831 1165 903 1230 Job.
927 1167 986 1230 28:
1011 1164 1217 1249 Argentum,

67 1286 188 1334 aurum
221 1273 257 1334 et
292 1271 418 1334 ferrum
448 1270 658 1352 abscondita,
694 1288 900 1352 quamquam
932 1287 1028 1350 aegre
1051 1270 1085 1336 in
1109 1269 1219 1337 lucem

68 1378 182 1440 tamen
213 1376 452 1457 producuntur.
488 1374 653 1440 semitam
683 1377 854 1456 ignoravit
886 1378 960 1443 avis
984 1394 1045 1442 nec
1068 1378 1218 1444 intuitus

67 1485 116 1548 est
146 1499 225 1546 earn
255 1483 371 1548 oculus
400 1482 547 1546 vulturis
578 1500 639 1547 nec
663 1484 884 1564 pertransivit
907 1502 964 1565 per
988 1501 1063 1548 eam
1086 1483 1217 1550 leaena:

67 1591 179 1654 tamen
213 1589 332 1656 homo:
373 1594 486 1702 321311
512 1594 597 1694 prii)
620 1597 787 1703 Πρᾏζιη).
832 1587 895 1656 Sed
931 1590 1019 1655 unde
1054 1591 1219 1671 sapientia
1319 1675 1324 1690 ι

68 1737 290 1823 producetur?
322 1736 389 1800 Ubi
420 1740 500 1803 est?
530 1740 606 1804 Non
629 1739 803 1804 invenitur
826 1738 861 1802 in
884 1740 974 1804 terra
998 1738 1148 1804 suaviter
1171 1737 1219 1802 vi-

68 1844 220 1908 ventium
244 1860 352 1923 neque
376 1848 429 1908 est
452 1845 488 1908 in
511 1847 644 1927 abysso.
668 1845 743 1910 Non
767 1844 900 1908 dabitur
923 1862 1044 1908 aurum
1068 1845 1217 1910 obrizum

69 1967 122 2029 pro
145 1968 203 2032 ea,
228 1968 335 2030 neque
358 1953 565 2033 appendetur
588 1954 766 2030 argentum
790 1951 826 2016 in
850 1952 1113 2016 commutatione
1133 1952 1216 2016 eius.

70 2055 139 2121 Non
172 2056 413 2138 adaequabitur
435 2058 466 2122 ei
490 2059 643 2139 topazius
667 2059 707 2122 de
731 2057 919 2138 Aethiopia.
955 2058 1053 2122 Unde
1077 2057 1217 2122 veniet?

72 2162 273 2230 abscondita
311 2166 364 2228 est
406 2165 448 2228 ab
483 2165 585 2230 oculis
613 2164 778 2245 ,omnium
813 2164 1026 2247 viventium,
1066 2165 1218 2229 volucres

72 2286 198 2350 quoque
232 2270 314 2335 caeli
347 2271 441 2335 latet.
478 2270 622 2335 Perditio
657 2272 693 2334 et
728 2287 820 2334 mors
854 2269 1029 2334 dixerunt:
1065 2269 1217 2334 Auribus

72 2376 193 2440 nostris
223 2369 416 2441 audivimus
447 2376 574 2441 famam
596 2377 678 2441 eius.
714 2374 805 2439 Deus
828 2375 921 2440 solus
945 2375 1102 2454 intelligit
1125 2375 1218 2440 viam

72 2482 139 2546 eius
169 2485 205 2548 et
236 2484 307 2564 ipse
338 2483 434 2548 novit
456 2483 567 2548 locum
591 2483 689 2548 illius.
721 2479 767 2545 Et
790 2481 878 2546 dixit
903 2482 1048 2546 homini:
1074 2481 1157 2546 Ecce
1181 2482 1218 2546 ti·

73 2605 139 2654 mor
167 2590 303 2655 Domini
334 2589 409 2671 ipsa
438 2593 491 2655 est
518 2590 685 2672 sapientia
711 2591 747 2653 et
770 2589 921 2654 recedere
944 2606 965 2652 a
989 2589 1076 2654 malo
1101 2587 1217 2654 intelli-

74 2698 190 2771 gentis.
1166 2756 1168 2761 ,

114 2804 210 2869 Hanc
229 2804 453 2887 Sapientiam,
476 2804 644 2885 quietum,
667 2804 919 2885 absconditum,
944 2805 1144 2886 prudentem
1156 2804 1217 2868 Do-

73 2910 150 2976 mini
179 2910 337 2976 timorem
368 2912 433 2994 (bic
465 2912 651 2990 cogitamus
672 2913 768 2977 Rom.
794 2912 839 2992 2,·
858 2912 899 2975 28
924 2912 987 2993 sq.)
1008 2912 1081 2993 jem
1104 2910 1217 2990 adspe-

71 3021 162 3083 xerat
197 3018 352 3083 Proverb.
389 3020 420 3082 8.
456 3018 624 3096 Allegoria
655 3020 727 3082 tam
756 3017 823 3081 late
855 3016 1066 3091 extenditur,
1100 3019 1141 3080 ut
1163 3015 1217 3080 Sa·

70 3122 190 3201 pientia
212 3124 373 3189 declaret:
398 3143 475 3189 amo
505 3129 584 3201 (non
608 3125 665 3205 qui
689 3141 742 3189 me
766 3122 838 3207 sed)
859 3123 917 3204 qui
938 3122 1027 3188 illam
1048 3123 1107 3199 (sic
1127 3122 1219 3186 enirn

71 3225 258 3313 legendum)
282 3234 401 3296 amant
424 3237 486 3308 (vs.
515 3229 579 3315 17).
605 3230 683 3312 Cap.
708 3232 747 3312 8,
775 3230 817 3292 22
842 3230 876 3295 et
901 3230 939 3309 8,
967 3228 1007 3293 12
1031 3228 1128 3309 plane
1153 3245 1218 3292 res·

72 3338 213 3414 pondent
232 3336 354 3407 Matth.
379 3337 436 3402 13:
457 3338 500 3401 34
514 3354 581 3419 sq.;
597 3336 656 3419 25,
671 3339 731 3418 34,
745 3335 823 3417 Cap.
838 3338 876 3416 8,
894 3336 934 3399 12
947 3339 1059 3448 1131,ξῖ
1073 3331 1217 3445 illm),

76 3485 212 3565 repetita
236 3486 480 3551 commendatio
509 3489 562 3549 τοῦ
586 3482 730 3565 <ecdurum
755 3478 831 3548 εἶναι
859 3484 980 3549 Marri.
1007 3486 1043 3558 7,
1070 3484 1130 3563 243
1158 3482 1218 3557 10,

75 3588 126 3671 16,
160 3592 221 3675 24,
248 3592 310 3674 45,
337 3592 397 3676 25,
425 3593 462 3674 2,
487 3595 526 3673 4,
551 3594 588 3671 9,
613 3590 693 3656 Luc.
721 3592 778 3675 13,
806 3594 844 3672 8,
873 3589 1217 3671 1001.4,10,10,

77 3694 127 3775 15,
152 3697 172 3760 2
197 3698 270 3763 Cor.
298 3701 356 3779 11,
386 3701 438 3763 19.

112 3799 164 3867 Sic
186 3804 326 3869 demum
348 3804 565 3883 intelligimus
586 3821 689 3885 quam
709 3820 856 3869 messem
875 3802 929 3867 hic
948 3800 1102 3865 Christus
1123 3816 1217 3880 quae-

78 3978 237 3991 *nnn—...-

104 4096 129 4157 1)
154 4098 246 4147 matth.
268 4101 293 4154 4,
315 4099 344 4157 1,
365 4098 442 4146 Marc.
461 4097 485 4152 l,
503 4097 548 4155 13,
567 4096 623 4145 Luc.
643 4100 665 4151 5,
683 4095 726 4153 13,
746 4095 838 4143 Mitti.
860 4095 899 4150 14,
918 4096 949 4143 13
967 4092 1048 4154 (etiarn
1066 4108 1125 4158 puer
1142 4093 1165 4147 2,
1184 4092 1215 4139 14

74 4178 95 4223 et
111 4179 161 4243 22);
181 4182 205 4235 4,
228 4181 273 4238 12,
299 4180 339 4235 12,
364 4180 410 4236 15,
434 4179 474 4232 14,
498 4178 543 4236 233
562 4177 602 4232 11,
620 4178 649 4235 13
667 4178 708 4232 24,
727 4178 754 4234 33
776 4177 799 4231 6,
819 4176 863 4229 31,
884 4176 925 4233 32,
946 4175 1032 4233 133,
1052 4175 1213 4231 11110110,

74 4256 121 4308 Joh.
140 4263 169 4317 8,
187 4264 229 4311 59:
252 4262 292 4317 12,
311 4262 350 4311 33.
368 4260 515 4309 Fsotcricam
532 4258 684 4324 disciplinam
702 4257 774 4308 simul
791 4272 904 4321 cognosce
921 4256 1215 4313 marcescentibus

74 4338 108 4395 10,
128 4344 173 4402 23,
197 4340 271 4392 stiam
295 4344 387 4392 1101111,
414 4343 454 4398 11,
473 4342 518 4400 25,
539 4342 579 4396 13,
597 4343 642 4399 ab,
663 4341 702 4397 13,
720 4341 769 4400 44,
794 4340 851 4388 Luc.
871 4340 910 4395 13,
928 4340 972 4396 21,
992 4340 1032 4395 18,
1051 4340 1096 4395 34,
1114 4342 1143 4399 3,
1161 4340 1215 4390 coll.

75 4421 94 4475 3,
111 4425 136 4482 2,
155 4429 227 4491 Apoc.
249 4426 272 4480 2,
292 4424 333 4477 17.
357 4424 440 4487 Hujus
463 4423 555 4472 Christi
580 4424 695 4471 esoterics
719 4420 846 4486 disciplina
867 4420 993 4486 respicitur
1009 4422 1065 4470 Luc.
1085 4422 1126 4477 11,
1144 4423 1176 4471 33
1193 4426 1217 4471 et

79 4503 160 4556 110111.
181 4509 221 4564 10,
239 4507 280 4566 23,
412 4537 415 4545 -

104 4588 128 4650 2)
148 4590 239 4639 Matri.
258 4587 299 4645 17,
315 4591 338 4638 3.
