3192 5325
648 511 710 580 147

120 693 256 758 ἁδύνοτον
287 698 341 758 τοῦ
363 694 454 771 νόμον
481 697 573 760 caret
595 696 715 760 verbo:
739 694 898 775 quidquid
922 695 1147 780 suppleveris,
1173 696 1254 762 nihil

120 801 270 885 proficies,
297 818 379 866 nam
402 800 547 866 alterum
568 801 759 882 subjectum
778 799 804 876 (1
825 799 903 884 θεός)
925 818 1113 882 numquam
1124 802 1255 868 adnecti

120 907 231 986 poterit
249 907 315 972 nisi
339 907 514 989 cujusdam
536 905 717 988 particulae
741 922 811 985 ope.
838 905 906 970 Nec
929 907 1084 972 videmus
1107 909 1186 989 quid
1210 909 1256 972 sit

120 1011 148 1072 ἐν
176 1009 341 1087 ὁμοιώματι
373 1011 501 1092 σαρκός,
534 1028 642 1093 neque
670 1011 851 1092 quidquam
874 1011 1094 1096 lucrabimur,
1121 1013 1256 1078 etiarnsi

119 1134 164 1181 νε.
197 1119 217 1182 4
252 1117 389 1197 incipiat
422 1118 465 1182 ab
497 1118 631 1182 nomine
660 1116 674 1178 1
704 1114 785 1198 θεός,
820 1134 900 1181 narn
932 1133 1001 1182 νεε.
1026 1119 1047 1181 3
1071 1121 1106 1182 et
1130 1119 1150 1183 4
1174 1118 1257 1198 nihil

119 1223 281 1287 continent
304 1225 436 1303 praeter
459 1240 562 1288 sensu
586 1239 694 1288 vacua
716 1222 828 1287 verba.
862 1222 945 1303 Quid
969 1222 1060 1288 enirn
1084 1226 1161 1303 post
1186 1241 1256 1290 ver·

118 1329 191 1392 bum
216 1325 387 1405 κατέκρινεν
412 1327 598 1407 significare
621 1329 735 1409 potest
757 1329 793 1390 τὸ
817 1326 972 1403 brualcurt
998 1333 1051 1390 τοῦ
1076 1326 1167 1403 νόμον
1190 1329 1257 1394 nisi

117 1433 190 1513 legis
209 1433 486 1515 postulationem,
508 1432 629 1514 capitis
650 1432 972 1498 condemnationem.
997 1434 1088 1499 Eone
1108 1435 1257 1500 comitur

118 1539 145 1600 ἐν
175 1546 234 1609 τοῖς
270 1539 315 1613 μὴ
351 1538 436 1601 κοντοὶ
470 1537 571 1617 colpum
604 1540 850 1616 τοοντοοτοῦσονῩ
881 1538 1057 1604 Praeterea
1087 1557 1188 1621 quam
1220 1556 1257 1605 se

118 1645 217 1726 jaciat
237 1646 444 1711 docetismus
466 1645 502 1708 in
526 1644 580 1709 1110
605 1643 634 1706 ἐν
658 1639 828 1721 ὃμοοῶμοτο
853 1643 973 1721 σαρκός.
998 1644 1147 1727 Denique
1169 1646 1256 1710 vs.3

119 1749 189 1826 σὰρξ
219 1754 273 1816 101
303 1752 433 1832 proprio
456 1733 559 1816 sensu
583 1733 722 1833 dicitur,
748 1751 807 1816 sed
831 1751 988 1816 continuo
1012 1754 1089 1832 post
1111 1769 1212 1816 versu
1236 1753 1256 1816 4

120 1872 212 1921 sensu
236 1856 388 1936 figurato.

160 1961 231 2027 Non
252 1960 472 2044 perspicimus
496 1961 659 2043 quomodo
682 1979 752 2027 νεε.
774 1961 878 2027 11-118
897 1979 955 2043 per
974 1963 1174 2044 particulam
1193 1962 1256 2041 γορ

120 2085 192 2132 curn
216 2067 492 2148 praecedentibus
513 2067 609 2148 jungi
632 2067 781 2148 possint;
807 2069 957 2132 ceterum
981 2068 1071 2134 vitro
1096 2067 1257 2133 dilucidio-

119 2190 168 2250 res
191 2175 288 2256 sunt,
313 2173 372 2238 sed
396 2172 624 2238 Christianam
646 2172 808 2250 originem
833 2190 1002 2254 nusquam
1025 2173 1185 2239 redolent.

161 2279 245 2344 Tuto
276 2278 389 2343 omitti
412 2278 580 2359 potuisset
602 2295 656 2343 νε.
680 2274 726 2342 9¹³.
752 2278 815 2343 Ter
838 2278 878 2342 iit
901 2278 1037 2344 initium
1061 2297 1083 2344 a
1106 2280 1257 2361 conjunc-

120 2384 206 2449 tione
233 2383 257 2446 ei
282 2382 314 2447 11
338 2400 389 2448 νε.
413 2380 550 2466 91-11,
576 2399 637 2448 1100
659 2385 776 2448 tamen
799 2401 843 2449 ex
865 2385 983 2449 eodem
1002 2385 1096 2450 fonte
1115 2385 1258 2467 proficis·

119 2491 242 2572 untur,
274 2489 315 2554 cf.
348 2489 445 2554 modo
477 2492 568 2563 τῦμοι
600 2474 698 2564 νεκρόν
721 2506 773 2554 vs.
802 2489 903 2552 1001
927 2488 1021 2561 θνητοὶ
1047 2488 1181 2565 colubra
1205 2507 1256 2554 vs·

122 2595 166 2657 11.
191 2594 229 2658 In
251 2594 305 2659 his
326 2593 480 2658 versibus
504 2592 715 2658 Christianus
737 2593 893 2675 deinceps
916 2597 971 2659 est
994 2595 1108 2679 homo,
1134 2596 1170 2659 in
1194 2611 1258 2677 quc

120 2699 238 2765 Christi
272 2699 435 2782 Spiritus,
470 2701 541 2781 ipse
576 2700 731 2764 Christus
765 2701 801 2763 et
835 2699 895 2764 Dei
931 2696 1075 2781 Spiritus
1107 2701 1256 2782 habitat,

119 2806 254 2870 necdum
284 2806 556 2871 demonstratum
578 2805 660 2889 fuit,
686 2806 798 2871 omnia
820 2806 902 2871 haec
926 2807 1033 2873 redire
1056 2808 1183 2873 eodem.
1207 2807 1257 2870 ln·

119 2913 311 2985 1θϊτνεῦμοι
334 2913 442 2987 χροςοῦ
465 2912 500 2976 et
523 2908 558 2972 τῦ
582 2912 707 2982 τνεῦμοο
732 2909 827 2994 (θεοῦ)
851 2928 904 2974 Vs.
929 2914 949 2975 9
974 2911 1259 2994 ei11,videmus

119 3032 165 3079 νε.
194 3016 233 3079 10
252 3016 286 3078 τὸ
306 3019 450 3095 τνεῡμοι,
471 3015 605 3081 etiamsi
625 3006 796 3097 praeterea
808 3015 890 3079 nihil
902 3015 1054 3096 addatur,
1068 3016 1259 3081 Ιοννννοονονοννο

120 3120 271 3199 spiritum
306 3120 509 3199 significare:
541 3137 609 3184 non
639 3119 836 3199 negligenda
865 3121 937 3202 est,
962 3120 1014 3184 uti
1037 3120 1256 3201 arbitramur,

121 3225 195 3290 talis
227 3226 369 3309 incuria,
407 3225 513 3291 sicubi
548 3224 720 3306 quaeritur
753 3225 948 3304 legamusne
984 3226 1179 3306 scriptorem
1213 3242 1258 3290 an

121 3330 372 3411 compilatorem.
397 3330 564 3395 Dormitet
584 3346 719 3395 necesse
738 3334 808 3413 est,
831 3332 887 3411 qui
907 3330 1085 3396 connivent
1103 3332 1145 3395 ad
1158 3331 1258 3395 elum-

121 3434 191 3499 bem
222 3436 427 3501 sententiam
456 3453 498 3500 vs
532 3436 591 3500 ll:
623 3434 648 3496 εἰ
674 3432 705 3497 ii
730 3436 764 3497 τὸ
786 3440 911 3510 ababuc
934 3439 992 3509 τοῦι
1013 3435 1187 3514 ἐγείραντος
1208 3435 1258 3499 τὸν

123 3535 232 3610 Ἰησοῦν
264 3540 341 3604 οἰκεῖ
369 3541 400 3604 ἕν
432 3541 521 3625 ὑμῖν,
547 3540 560 3603 ὂ
586 3539 707 3617 ἐγείρας
733 3542 767 3602 ἐκ
792 3546 898 3619 νεκρῶν
921 3540 1027 3621 χοιςὸν
1052 3541 1166 3614 Ἰησοῦν
1191 3542 1258 3622 ζωο-

121 3646 230 3717 τοοήτεο
256 3645 306 3709 διὰ
330 3646 364 3708 τὸ
389 3645 516 3709 ἐνοικοῦν
541 3646 618 3709 οιῦτὸ
643 3650 764 3720 τνεῦμοο
791 3647 821 3708 ἐν
848 3646 930 3721 ὑμῖν.

161 3752 409 3817 Continuantur
428 3767 498 3817 νεε.
520 3754 623 3817 5-91
644 3751 798 3816 versibus
820 3752 899 3816 12-
911 3753 950 3817 16
971 3752 1134 3835 (legamus
1146 3752 1257 3819 modo:

123 3852 175 3933 ἄρον
209 3852 276 3933 οῦν,
313 3855 465 3939 ἀδελφοί,
503 3858 698 3935 ὀφείλετε
732 3854 845 3926 ὄντες
877 3857 933 3932 μὲν
965 3857 1002 3919 ἐν
1033 3867 1070 3937 τῇ
1104 3854 1257 3942 οοιοκί)Ῑ).

123 3956 201 4028 Sunt
230 3964 334 4029 verba
356 3962 466 4029 facilia
487 3962 678 4044 intellectu,
703 3963 761 4027 sed
785 3963 867 4027 nihil
891 3962 926 4027 in
949 3963 991 4027 iis
1016 3964 1124 4043 prodit
1148 3963 1255 4028 Chris·

123 4065 243 4133 tianarn
267 4068 439 4148 originem.

161 4172 331 4253 Quantum
361 4173 495 4254 quidem
526 4172 665 4253 intelligi
695 4178 853 4255 possunt,
878 4174 1010 4241 molesti
1034 4189 1153 4240 versus
1176 4178 1259 4239 sunt

154 4436 179 4499 l)
200 4436 306 4486 Attende
330 4435 400 4484 modo
425 4434 454 4483 od
479 4432 544 4498 ζῆτε
569 4437 613 4495 (νο.
635 4434 687 4492 13),
711 4430 835 4493 μέλλετε,
859 4432 1007 4491 θανατοῦτε,
1031 4432 1140 4499 ζήσεσθε
1163 4434 1255 4500 (ibid),

126 4510 225 4578 ἱλάβττε
242 4519 289 4584 (νο,
310 4518 367 4583 lb);
388 4517 450 4567 unde
467 4516 543 4580 igitur
560 4518 657 4581 repente
675 4516 753 4582 prino
770 4530 871 4580 pensem
888 4512 982 4576 rapior
