<?xml version="1.0" encoding="UTF-8"?>
<!DOCTYPE html PUBLIC "-//W3C//DTD XHTML 1.0 Transitional//EN"
    "http://www.w3.org/TR/xhtml1/DTD/xhtml1-transitional.dtd">
<html xmlns="http://www.w3.org/1999/xhtml" xml:lang="en" lang="en">
 <head>
  <title>
</title>
<meta http-equiv="Content-Type" content="text/html;charset=utf-8" />
  <meta name='ocr-system' content='tesseract 3.04.00' />
  <meta name='ocr-capabilities' content='ocr_page ocr_carea ocr_par ocr_line ocrx_word'/>
</head>
<body>
  <div class='ocr_page' id='page_1' title='image "./verisimilialace00nabegoog_0126.png"; bbox 0 0 3192 5325; ppageno 0'>
   <div class='ocr_carea' id='block_1_1' title="bbox 868 481 934 576">
    <p class='ocr_par' dir='ltr' id='par_1_1' title="bbox 868 481 934 576">
     <span class='ocr_line' id='line_1_1' title="bbox 868 481 934 576; baseline -0.03 -28"><span class='ocrx_word' id='word_1_1' title='bbox 868 481 934 576; x_wconf 79' lang='grc' dir='ltr'>166Ι</span> 
     </span>
    </p>
   </div>
   <div class='ocr_carea' id='block_1_2' title="bbox 302 662 1479 2134">
    <p class='ocr_par' dir='ltr' id='par_1_2' title="bbox 326 662 1456 856">
     <span class='ocr_line' id='line_1_2' title="bbox 326 662 1456 750; baseline -0.007 -17"><span class='ocrx_word' id='word_1_2' title='bbox 326 669 441 749; x_wconf 87' lang='lat' dir='ltr'>gentia</span> <span class='ocrx_word' id='word_1_3' title='bbox 456 667 547 734; x_wconf 89' lang='lat' dir='ltr'>dicta</span> <span class='ocrx_word' id='word_1_4' title='bbox 557 667 639 749; x_wconf 84' lang='lat' dir='ltr'>tuit,</span> <span class='ocrx_word' id='word_1_5' title='bbox 652 684 754 749; x_wconf 90' lang='lat' dir='ltr'>quam</span> <span class='ocrx_word' id='word_1_6' title='bbox 767 666 884 750; x_wconf 81' lang='lat' dir='ltr'>Graeci</span> <span class='ocrx_word' id='word_1_7' title='bbox 896 667 1008 750; x_wconf 86' lang='lat' dir='ltr'>hodie,</span> <span class='ocrx_word' id='word_1_8' title='bbox 1022 666 1087 734; x_wconf 88' lang='lat' dir='ltr'>nisi</span> <span class='ocrx_word' id='word_1_9' title='bbox 1100 665 1261 748; x_wconf 86' lang='lat' dir='ltr'>fallimur,</span> <span class='ocrx_word' id='word_1_10' title='bbox 1276 662 1456 744; x_wconf 74' lang='grc' dir='ltr'><strong><em>συγχώρησιν</em></strong></span> 
     </span>
     <span class='ocr_line' id='line_1_3' title="bbox 326 772 520 856; baseline -0.01 -16"><span class='ocrx_word' id='word_1_11' title='bbox 326 772 520 856; x_wconf 87' lang='lat' dir='ltr'>appellant?</span> 
     </span>
    </p>

    <p class='ocr_par' dir='ltr' id='par_1_3' title="bbox 329 878 1466 1495">
     <span class='ocr_line' id='line_1_4' title="bbox 374 878 1460 962; baseline -0.003 -17"><span class='ocrx_word' id='word_1_12' title='bbox 374 878 472 945; x_wconf 88' lang='lat' dir='ltr'>Nunc</span> <span class='ocrx_word' id='word_1_13' title='bbox 494 880 598 946; x_wconf 88' lang='lat' dir='ltr'>etiam</span> <span class='ocrx_word' id='word_1_14' title='bbox 621 898 672 946; x_wconf 87' lang='lat' dir='ltr'>vs.</span> <span class='ocrx_word' id='word_1_15' title='bbox 697 882 717 944; x_wconf 87' lang='lat'>9</span> <span class='ocrx_word' id='word_1_16' title='bbox 741 881 883 962; x_wconf 73' lang='lat' dir='ltr'>pellucet</span> <span class='ocrx_word' id='word_1_17' title='bbox 907 880 1030 962; x_wconf 87' lang='lat' dir='ltr'>aliquid</span> <span class='ocrx_word' id='word_1_18' title='bbox 1053 880 1139 961; x_wconf 92' lang='lat' dir='ltr'>quod</span> <span class='ocrx_word' id='word_1_19' title='bbox 1158 881 1292 945; x_wconf 89' lang='lat' dir='ltr'>nostrae</span> <span class='ocrx_word' id='word_1_20' title='bbox 1312 879 1460 961; x_wconf 88' lang='lat' dir='ltr'>conjectu·</span> 
     </span>
     <span class='ocr_line' id='line_1_5' title="bbox 329 984 1463 1069; baseline -0.002 -18"><span class='ocrx_word' id='word_1_21' title='bbox 329 988 425 1051; x_wconf 88' lang='lat' dir='ltr'>turae</span> <span class='ocrx_word' id='word_1_22' title='bbox 444 989 534 1053; x_wconf 84' lang='lat' dir='ltr'>certe</span> <span class='ocrx_word' id='word_1_23' title='bbox 552 1004 619 1052; x_wconf 93' lang='lat' dir='ltr'>non</span> <span class='ocrx_word' id='word_1_24' title='bbox 640 990 814 1069; x_wconf 78' lang='lat' dir='ltr'>repugnat.</span> <span class='ocrx_word' id='word_1_25' title='bbox 840 986 967 1068; x_wconf 86' lang='lat' dir='ltr'>Nempe</span> <span class='ocrx_word' id='word_1_26' title='bbox 979 986 1072 1052; x_wconf 83' lang='lat' dir='ltr'>verbi</span> <span class='ocrx_word' id='word_1_27' title='bbox 1084 984 1191 1060; x_wconf 70' lang='grc' dir='ltr'><em>δοκιμὴ</em></span> <span class='ocrx_word' id='word_1_28' title='bbox 1211 987 1344 1052; x_wconf 87' lang='lat' dir='ltr'>activus</span> <span class='ocrx_word' id='word_1_29' title='bbox 1356 1001 1463 1052; x_wconf 84' lang='lat' dir='ltr'>sensus</span> 
     </span>
     <span class='ocr_line' id='line_1_6' title="bbox 330 1092 1465 1175; baseline -0.001 -18"><span class='ocrx_word' id='word_1_30' title='bbox 330 1092 481 1158; x_wconf 87' lang='lat' dir='ltr'>videtur:</span> <span class='ocrx_word' id='word_1_31' title='bbox 513 1094 586 1160; x_wconf 90' lang='lat' dir='ltr'>ideo</span> <span class='ocrx_word' id='word_1_32' title='bbox 615 1093 712 1160; x_wconf 86' lang='lat' dir='ltr'>vobis</span> <span class='ocrx_word' id='word_1_33' title='bbox 742 1094 860 1175; x_wconf 81' lang='lat' dir='ltr'>scripsi</span> <span class='ocrx_word' id='word_1_34' title='bbox 892 1097 933 1159; x_wconf 89' lang='lat' dir='ltr'>ut</span> <span class='ocrx_word' id='word_1_35' title='bbox 963 1095 1174 1160; x_wconf 76' lang='lat' dir='ltr'>resciscerem</span> <span class='ocrx_word' id='word_1_36' title='bbox 1196 1110 1299 1175; x_wconf 90' lang='lat' dir='ltr'>quam</span> <span class='ocrx_word' id='word_1_37' title='bbox 1321 1109 1465 1158; x_wconf 75' lang='grc'><strong>66666666</strong></span> 
     </span>
     <span class='ocr_line' id='line_1_7' title="bbox 331 1197 1463 1283; baseline -0.001 -19"><span class='ocrx_word' id='word_1_38' title='bbox 331 1218 394 1265; x_wconf 88' lang='lat' dir='ltr'>vos</span> <span class='ocrx_word' id='word_1_39' title='bbox 416 1199 452 1264; x_wconf 92' lang='lat' dir='ltr'>in</span> <span class='ocrx_word' id='word_1_40' title='bbox 472 1200 605 1283; x_wconf 86' lang='lat' dir='ltr'>jndioiis</span> <span class='ocrx_word' id='word_1_41' title='bbox 628 1201 810 1266; x_wconf 78' lang='lat' dir='ltr'>identidem</span> <span class='ocrx_word' id='word_1_42' title='bbox 834 1200 988 1266; x_wconf 86' lang='lat' dir='ltr'>adhibere</span> <span class='ocrx_word' id='word_1_43' title='bbox 1011 1201 1147 1266; x_wconf 85' lang='lat' dir='ltr'>soleatis</span> <span class='ocrx_word' id='word_1_44' title='bbox 1163 1197 1194 1278; x_wconf 88' lang='lat'>¹).</span> <span class='ocrx_word' id='word_1_45' title='bbox 1222 1200 1310 1265; x_wconf 78' lang='lat' dir='ltr'>Tum</span> <span class='ocrx_word' id='word_1_46' title='bbox 1333 1199 1463 1280; x_wconf 87' lang='lat' dir='ltr'>suspica-</span> 
     </span>
     <span class='ocr_line' id='line_1_8' title="bbox 333 1305 1466 1387; baseline -0.002 -17"><span class='ocrx_word' id='word_1_47' title='bbox 333 1323 408 1370; x_wconf 90' lang='lat' dir='ltr'>mur</span> <span class='ocrx_word' id='word_1_48' title='bbox 426 1323 478 1371; x_wconf 88' lang='lat' dir='ltr'>vs.</span> <span class='ocrx_word' id='word_1_49' title='bbox 502 1307 544 1371; x_wconf 86' lang='lat'>10</span> <span class='ocrx_word' id='word_1_50' title='bbox 561 1305 756 1387; x_wconf 87' lang='lat' dir='ltr'>scriptorem</span> <span class='ocrx_word' id='word_1_51' title='bbox 775 1306 944 1372; x_wconf 85' lang='lat' dir='ltr'>adhortari</span> <span class='ocrx_word' id='word_1_52' title='bbox 956 1305 1153 1372; x_wconf 87' lang='lat' dir='ltr'>voluissead</span> <span class='ocrx_word' id='word_1_53' title='bbox 1165 1305 1466 1372; x_wconf 88' lang='lat' dir='ltr'>mansuetudinem:</span> 
     </span>
     <span class='ocr_line' id='line_1_9' title="bbox 333 1406 799 1495; baseline 0.002 -19"><span class='ocrx_word' id='word_1_54' title='bbox 333 1406 411 1495; x_wconf 71' lang='lat' dir='ltr'>dil</span> <span class='ocrx_word' id='word_1_55' title='bbox 438 1436 466 1477; x_wconf 78' lang='grc' dir='ltr'>τι</span> <span class='ocrx_word' id='word_1_56' title='bbox 490 1409 673 1492; x_wconf 71' lang='grc' dir='ltr'><strong><em>χαρίζεσθε,</em></strong></span> <span class='ocrx_word' id='word_1_57' title='bbox 703 1411 799 1491; x_wconf 71' lang='lat' dir='ltr'>colysi.</span> 
     </span>
    </p>

    <p class='ocr_par' dir='ltr' id='par_1_4' title="bbox 302 1507 1479 2134">
     <span class='ocr_line' id='line_1_10' title="bbox 378 1507 1471 1606; baseline -0.004 -20"><span class='ocrx_word' id='word_1_58' title='bbox 378 1520 462 1602; x_wconf 74' lang='lat' dir='ltr'>Quid</span> <span class='ocrx_word' id='word_1_59' title='bbox 492 1523 609 1586; x_wconf 89' lang='lat' dir='ltr'>autem</span> <span class='ocrx_word' id='word_1_60' title='bbox 632 1519 662 1584; x_wconf 91' lang='lat' dir='ltr'>si</span> <span class='ocrx_word' id='word_1_61' title='bbox 684 1521 784 1603; x_wconf 81' lang='lat' dir='ltr'>huJ&#39;us</span> <span class='ocrx_word' id='word_1_62' title='bbox 808 1520 976 1606; x_wconf 87' lang='lat' dir='ltr'>pericopes</span> <span class='ocrx_word' id='word_1_63' title='bbox 999 1520 1088 1600; x_wconf 89' lang='lat' dir='ltr'>origo</span> <span class='ocrx_word' id='word_1_64' title='bbox 1112 1539 1155 1586; x_wconf 81' lang='lat' dir='ltr'>ex</span> <span class='ocrx_word' id='word_1_65' title='bbox 1177 1507 1242 1586; x_wconf 85' lang='lat' dir='ltr'>alia</span> <span class='ocrx_word' id='word_1_66' title='bbox 1265 1520 1377 1587; x_wconf 88' lang='lat' dir='ltr'>schola</span> <span class='ocrx_word' id='word_1_67' title='bbox 1397 1517 1471 1584; x_wconf 91' lang='lat' dir='ltr'>deri-</span> 
     </span>
     <span class='ocr_line' id='line_1_11' title="bbox 334 1625 1474 1708; baseline -0.004 -15"><span class='ocrx_word' id='word_1_68' title='bbox 334 1627 408 1693; x_wconf 88' lang='lat' dir='ltr'>vari</span> <span class='ocrx_word' id='word_1_69' title='bbox 426 1627 549 1692; x_wconf 90' lang='lat' dir='ltr'>debet?</span> <span class='ocrx_word' id='word_1_70' title='bbox 566 1626 650 1708; x_wconf 79' lang='lat' dir='ltr'>Quid</span> <span class='ocrx_word' id='word_1_71' title='bbox 669 1626 699 1692; x_wconf 90' lang='grc'>61</span> <span class='ocrx_word' id='word_1_72' title='bbox 715 1625 877 1692; x_wconf 84' lang='lat' dir='ltr'>facilitate</span> <span class='ocrx_word' id='word_1_73' title='bbox 896 1626 1039 1708; x_wconf 82' lang='lat' dir='ltr'>qualem</span> <span class='ocrx_word' id='word_1_74' title='bbox 1051 1627 1145 1692; x_wconf 89' lang='lat' dir='ltr'>Pauli</span> <span class='ocrx_word' id='word_1_75' title='bbox 1157 1630 1340 1692; x_wconf 87' lang='lat' dir='ltr'>sectatores</span> <span class='ocrx_word' id='word_1_76' title='bbox 1351 1627 1474 1692; x_wconf 90' lang='lat' dir='ltr'>animos</span> 
     </span>
     <span class='ocr_line' id='line_1_12' title="bbox 335 1729 1473 1817; baseline -0.004 -19"><span class='ocrx_word' id='word_1_77' title='bbox 335 1733 376 1798; x_wconf 90' lang='lat' dir='ltr'>ad</span> <span class='ocrx_word' id='word_1_78' title='bbox 401 1750 438 1798; x_wconf 94' lang='grc'>66</span> <span class='ocrx_word' id='word_1_79' title='bbox 459 1733 663 1798; x_wconf 88' lang='lat' dir='ltr'>trahebant?</span> <span class='ocrx_word' id='word_1_80' title='bbox 697 1733 781 1813; x_wconf 77' lang='lat' dir='ltr'>Quid</span> <span class='ocrx_word' id='word_1_81' title='bbox 806 1733 834 1798; x_wconf 90' lang='lat' dir='ltr'>si</span> <span class='ocrx_word' id='word_1_82' title='bbox 857 1729 1001 1799; x_wconf 81' lang='lat' dir='ltr'>Satanae</span> <span class='ocrx_word' id='word_1_83' title='bbox 1024 1735 1158 1800; x_wconf 88' lang='lat' dir='ltr'>nomine</span> <span class='ocrx_word' id='word_1_84' title='bbox 1182 1732 1235 1817; x_wconf 87' lang='lat' dir='ltr'>(cf.</span> <span class='ocrx_word' id='word_1_85' title='bbox 1260 1732 1361 1816; x_wconf 79' lang='lat' dir='ltr'>Apoc.</span> <span class='ocrx_word' id='word_1_86' title='bbox 1386 1735 1414 1816; x_wconf 81' lang='grc'>2,</span> <span class='ocrx_word' id='word_1_87' title='bbox 1436 1732 1473 1811; x_wconf 88' lang='grc'>9;</span> 
     </span>
     <span class='ocr_line' id='line_1_13' title="bbox 337 1826 1477 1924; baseline -0.003 -20"><span class='ocrx_word' id='word_1_88' title='bbox 337 1840 368 1922; x_wconf 83' lang='grc'>3,</span> <span class='ocrx_word' id='word_1_89' title='bbox 394 1837 429 1924; x_wconf 86' lang='grc'>9)</span> <span class='ocrx_word' id='word_1_90' title='bbox 460 1826 695 1917; x_wconf 88' lang='lat' dir='ltr'>intelliguntur</span> <span class='ocrx_word' id='word_1_91' title='bbox 716 1839 740 1903; x_wconf 93' lang='lat' dir='ltr'>ii</span> <span class='ocrx_word' id='word_1_92' title='bbox 763 1839 820 1920; x_wconf 89' lang='lat' dir='ltr'>qui</span> <span class='ocrx_word' id='word_1_93' title='bbox 842 1839 985 1904; x_wconf 91' lang='lat' dir='ltr'>Paulum</span> <span class='ocrx_word' id='word_1_94' title='bbox 1009 1841 1257 1921; x_wconf 85' lang='lat' dir='ltr'>sequebantur?</span> <span class='ocrx_word' id='word_1_95' title='bbox 1291 1841 1364 1905; x_wconf 89' lang='lat' dir='ltr'>Hoc</span> <span class='ocrx_word' id='word_1_96' title='bbox 1387 1837 1477 1904; x_wconf 91' lang='lat' dir='ltr'>modo</span> 
     </span>
     <span class='ocr_line' id='line_1_14' title="bbox 302 1941 1478 2022; baseline 0.006 -19"><span class='ocrx_word' id='word_1_97' title='bbox 302 1995 306 2003; x_wconf 94' lang='lat'>.</span> <span class='ocrx_word' id='word_1_98' title='bbox 337 1946 445 2010; x_wconf 90' lang='lat' dir='ltr'>totius</span> <span class='ocrx_word' id='word_1_99' title='bbox 478 1944 540 2009; x_wconf 89' lang='lat' dir='ltr'>loci</span> <span class='ocrx_word' id='word_1_100' title='bbox 575 1945 744 2010; x_wconf 88' lang='lat' dir='ltr'>sententia</span> <span class='ocrx_word' id='word_1_101' title='bbox 777 1945 880 2010; x_wconf 84' lang='lat' dir='ltr'>foret:</span> <span class='ocrx_word' id='word_1_102' title='bbox 917 1941 945 2006; x_wconf 75' lang='grc' dir='ltr'>εἴ</span> <span class='ocrx_word' id='word_1_103' title='bbox 976 1967 1022 2014; x_wconf 77' lang='grc' dir='ltr'>τις</span> <span class='ocrx_word' id='word_1_104' title='bbox 1054 1944 1245 2022; x_wconf 72' lang='grc' dir='ltr'><em>λελύπηκεν,</em></span> <span class='ocrx_word' id='word_1_105' title='bbox 1281 1947 1348 2012; x_wconf 88' lang='grc'><strong>6611</strong></span> <span class='ocrx_word' id='word_1_106' title='bbox 1382 1942 1478 2010; x_wconf 86' lang='grc'><strong>61616</strong></span> 
     </span>
     <span class='ocr_line' id='line_1_15' title="bbox 340 2050 1479 2134; baseline -0.002 -18"><span class='ocrx_word' id='word_1_107' title='bbox 340 2067 479 2117; x_wconf 86' lang='lat' dir='ltr'>severus</span> <span class='ocrx_word' id='word_1_108' title='bbox 512 2067 604 2130; x_wconf 88' lang='lat' dir='ltr'>esse,</span> <span class='ocrx_word' id='word_1_109' title='bbox 641 2050 789 2131; x_wconf 90' lang='lat' dir='ltr'>nequid</span> <span class='ocrx_word' id='word_1_110' title='bbox 824 2051 947 2118; x_wconf 89' lang='lat' dir='ltr'>Paulus</span> <span class='ocrx_word' id='word_1_111' title='bbox 982 2053 1189 2134; x_wconf 86' lang='lat' dir='ltr'>intercipiat;</span> <span class='ocrx_word' id='word_1_112' title='bbox 1214 2053 1372 2119; x_wconf 84' lang='lat' dir='ltr'>novimus</span> <span class='ocrx_word' id='word_1_113' title='bbox 1395 2051 1479 2116; x_wconf 89' lang='lat' dir='ltr'>enirn</span> 
     </span>
    </p>
   </div>
   <div class='ocr_carea' id='block_1_3' title="bbox 224 2155 1480 2240">
    <p class='ocr_par' dir='ltr' id='par_1_5' title="bbox 224 2155 1480 2240">
     <span class='ocr_line' id='line_1_16' title="bbox 224 2155 1480 2240; baseline -0.002 -18"><span class='ocrx_word' id='word_1_114' title='bbox 224 2169 226 2173; x_wconf 83' lang='grc'><strong>’</strong></span> <span class='ocrx_word' id='word_1_115' title='bbox 340 2157 419 2238; x_wconf 89' lang='lat' dir='ltr'>quid</span> <span class='ocrx_word' id='word_1_116' title='bbox 454 2155 507 2221; x_wconf 92' lang='lat' dir='ltr'>ille</span> <span class='ocrx_word' id='word_1_117' title='bbox 540 2173 653 2221; x_wconf 89' lang='lat' dir='ltr'>rerum</span> <span class='ocrx_word' id='word_1_118' title='bbox 680 2158 777 2237; x_wconf 87' lang='lat' dir='ltr'>agat;</span> <span class='ocrx_word' id='word_1_119' title='bbox 810 2161 926 2224; x_wconf 89' lang='lat' dir='ltr'>nostra</span> <span class='ocrx_word' id='word_1_120' title='bbox 960 2159 1050 2224; x_wconf 89' lang='lat' dir='ltr'>enim</span> <span class='ocrx_word' id='word_1_121' title='bbox 1080 2159 1122 2224; x_wconf 93' lang='lat' dir='ltr'>ad</span> <span class='ocrx_word' id='word_1_122' title='bbox 1153 2176 1189 2224; x_wconf 92' lang='grc'>66</span> <span class='ocrx_word' id='word_1_123' title='bbox 1212 2159 1304 2240; x_wconf 89' lang='lat' dir='ltr'>cupit</span> <span class='ocrx_word' id='word_1_124' title='bbox 1327 2158 1480 2223; x_wconf 82' lang='lat' dir='ltr'>derivare.</span> 
     </span>
    </p>
   </div>
   <div class='ocr_carea' id='block_1_4' title="bbox 338 2258 1497 4161">
    <p class='ocr_par' dir='ltr' id='par_1_6' title="bbox 342 2258 1483 2460">
     <span class='ocr_line' id='line_1_17' title="bbox 342 2258 1483 2348; baseline -0.003 -20"><span class='ocrx_word' id='word_1_125' title='bbox 342 2258 486 2346; x_wconf 79' lang='lat' dir='ltr'>(Scilicet</span> <span class='ocrx_word' id='word_1_126' title='bbox 517 2261 547 2324; x_wconf 74' lang='grc' dir='ltr'>ἐν</span> <span class='ocrx_word' id='word_1_127' title='bbox 577 2261 723 2339; x_wconf 76' lang='grc' dir='ltr'><strong><em>προσώπῳ</em></strong></span> <span class='ocrx_word' id='word_1_128' title='bbox 754 2266 862 2341; x_wconf 59' lang='lat' dir='ltr'>xpeto&amp;</span> <span class='ocrx_word' id='word_1_129' title='bbox 893 2281 982 2330; x_wconf 80' lang='lat' dir='ltr'>nunc</span> <span class='ocrx_word' id='word_1_130' title='bbox 1005 2282 1136 2348; x_wconf 86' lang='lat' dir='ltr'>quoque</span> <span class='ocrx_word' id='word_1_131' title='bbox 1159 2267 1199 2330; x_wconf 81' lang='lat' dir='ltr'>ut</span> <span class='ocrx_word' id='word_1_132' title='bbox 1222 2281 1321 2348; x_wconf 78' lang='lat' dir='ltr'>saepe</span> <span class='ocrx_word' id='word_1_133' title='bbox 1344 2262 1483 2330; x_wconf 72' lang='lat' dir='ltr'>aliosde</span> 
     </span>
     <span class='ocr_line' id='line_1_18' title="bbox 342 2365 1160 2460; baseline -0.005 -26"><span class='ocrx_word' id='word_1_134' title='bbox 342 2367 498 2435; x_wconf 77' lang='lat' dir='ltr'>Ecclesia·</span> <span class='ocrx_word' id='word_1_135' title='bbox 511 2368 639 2434; x_wconf 91' lang='lat' dir='ltr'>dictum</span> <span class='ocrx_word' id='word_1_136' title='bbox 661 2368 738 2452; x_wconf 90' lang='lat' dir='ltr'>erit)</span> <span class='ocrx_word' id='word_1_137' title='bbox 762 2365 799 2453; x_wconf 77' lang='lat'>²).</span> <span class='ocrx_word' id='word_1_138' title='bbox 1159 2457 1160 2460; x_wconf 8' lang='grc' dir='ltr'><strong>Ἴ</strong></span> 
     </span>
    </p>

    <p class='ocr_par' dir='ltr' id='par_1_7' title="bbox 390 2473 1486 2562">
     <span class='ocr_line' id='line_1_19' title="bbox 390 2473 1486 2562; baseline -0.001 -22"><span class='ocrx_word' id='word_1_139' title='bbox 390 2475 479 2555; x_wconf 81' lang='lat' dir='ltr'>Quos</span> <span class='ocrx_word' id='word_1_140' title='bbox 513 2473 737 2540; x_wconf 84' lang='lat' dir='ltr'>tractavimus</span> <span class='ocrx_word' id='word_1_141' title='bbox 770 2491 893 2543; x_wconf 82' lang='lat' dir='ltr'>versus-</span> <span class='ocrx_word' id='word_1_142' title='bbox 921 2475 1048 2562; x_wconf 87' lang='grc'><strong>5-11,</strong></span> <span class='ocrx_word' id='word_1_143' title='bbox 1081 2495 1149 2544; x_wconf 89' lang='grc'>666</span> <span class='ocrx_word' id='word_1_144' title='bbox 1179 2479 1286 2558; x_wconf 87' lang='lat' dir='ltr'>magis</span> <span class='ocrx_word' id='word_1_145' title='bbox 1315 2477 1486 2545; x_wconf 85' lang='lat' dir='ltr'>cohaerent</span> 
     </span>
    </p>

    <p class='ocr_par' dir='ltr' id='par_1_8' title="bbox 338 2583 1490 3095">
     <span class='ocr_line' id='line_1_20' title="bbox 344 2583 562 2662; baseline -0.005 -15"><span class='ocrx_word' id='word_1_146' title='bbox 344 2599 422 2647; x_wconf 90' lang='lat' dir='ltr'>cum</span> <span class='ocrx_word' id='word_1_147' title='bbox 448 2583 489 2646; x_wconf 82' lang='lat'>12</span> <span class='ocrx_word' id='word_1_148' title='bbox 513 2598 562 2662; x_wconf 86' lang='lat' dir='ltr'>sq.</span> 
     </span>
     <span class='ocr_line' id='line_1_21' title="bbox 338 2676 1486 2775; baseline -0.001 -21"><span class='ocrx_word' id='word_1_149' title='bbox 338 2733 340 2736; x_wconf 90' lang='lat'><em>-</em></span> <span class='ocrx_word' id='word_1_150' title='bbox 392 2686 455 2754; x_wconf 81' lang='lat' dir='ltr'>Sed</span> <span class='ocrx_word' id='word_1_151' title='bbox 486 2676 693 2755; x_wconf 80' lang='grc'><strong>6666611161</strong></span> <span class='ocrx_word' id='word_1_152' title='bbox 721 2689 904 2757; x_wconf 90' lang='lat' dir='ltr'>locutiones</span> <span class='ocrx_word' id='word_1_153' title='bbox 936 2692 1098 2775; x_wconf 88' lang='lat' dir='ltr'>quaedam</span> <span class='ocrx_word' id='word_1_154' title='bbox 1127 2694 1310 2775; x_wconf 77' lang='lat' dir='ltr'>singulares</span> <span class='ocrx_word' id='word_1_155' title='bbox 1335 2694 1389 2759; x_wconf 87' lang='lat' dir='ltr'>vel</span> <span class='ocrx_word' id='word_1_156' title='bbox 1409 2689 1486 2773; x_wconf 90' lang='lat' dir='ltr'>peri·</span> 
     </span>
     <span class='ocr_line' id='line_1_22' title="bbox 348 2794 1490 2881; baseline -0.001 -20"><span class='ocrx_word' id='word_1_157' title='bbox 348 2812 448 2877; x_wconf 89' lang='lat' dir='ltr'>copae</span> <span class='ocrx_word' id='word_1_158' title='bbox 478 2794 604 2876; x_wconf 82' lang='lat' dir='ltr'>aliquot</span> <span class='ocrx_word' id='word_1_159' title='bbox 635 2796 820 2881; x_wconf 82' lang='lat' dir='ltr'>breviores,</span> <span class='ocrx_word' id='word_1_160' title='bbox 846 2800 1092 2866; x_wconf 89' lang='lat' dir='ltr'>verumetiam</span> <span class='ocrx_word' id='word_1_161' title='bbox 1115 2802 1227 2865; x_wconf 89' lang='lat' dir='ltr'>totum</span> <span class='ocrx_word' id='word_1_162' title='bbox 1250 2801 1352 2881; x_wconf 89' lang='lat' dir='ltr'>caput</span> <span class='ocrx_word' id='word_1_163' title='bbox 1374 2798 1409 2863; x_wconf 88' lang='lat' dir='ltr'>in</span> <span class='ocrx_word' id='word_1_164' title='bbox 1429 2798 1490 2861; x_wconf 86' lang='lat' dir='ltr'>hac</span> 
     </span>
     <span class='ocr_line' id='line_1_23' title="bbox 348 2901 1489 2987; baseline -0.001 -21"><span class='ocrx_word' id='word_1_165' title='bbox 348 2901 492 2984; x_wconf 89' lang='lat' dir='ltr'>epistula</span> <span class='ocrx_word' id='word_1_166' title='bbox 522 2918 623 2967; x_wconf 88' lang='lat' dir='ltr'>sensu</span> <span class='ocrx_word' id='word_1_167' title='bbox 654 2919 802 2968; x_wconf 89' lang='lat' dir='ltr'>vacuum</span> <span class='ocrx_word' id='word_1_168' title='bbox 824 2906 894 2970; x_wconf 89' lang='lat' dir='ltr'>est:</span> <span class='ocrx_word' id='word_1_169' title='bbox 918 2906 980 2971; x_wconf 90' lang='lat' dir='ltr'>hoc</span> <span class='ocrx_word' id='word_1_170' title='bbox 1003 2908 1105 2987; x_wconf 92' lang='lat' dir='ltr'>caput</span> <span class='ocrx_word' id='word_1_171' title='bbox 1127 2908 1180 2971; x_wconf 89' lang='lat' dir='ltr'>est</span> <span class='ocrx_word' id='word_1_172' title='bbox 1202 2905 1379 2972; x_wconf 87' lang='lat' dir='ltr'>decimum.</span> <span class='ocrx_word' id='word_1_173' title='bbox 1413 2903 1489 2967; x_wconf 89' lang='lat' dir='ltr'>Jure</span> 
     </span>
     <span class='ocr_line' id='line_1_24' title="bbox 349 3008 1489 3095; baseline -0.003 -22"><span class='ocrx_word' id='word_1_174' title='bbox 349 3026 370 3073; x_wconf 93' lang='lat' dir='ltr'>a</span> <span class='ocrx_word' id='word_1_175' title='bbox 388 3008 486 3074; x_wconf 88' lang='lat' dir='ltr'>nobis</span> <span class='ocrx_word' id='word_1_176' title='bbox 504 3010 667 3091; x_wconf 87' lang='lat' dir='ltr'>postulari</span> <span class='ocrx_word' id='word_1_177' title='bbox 684 3012 815 3092; x_wconf 89' lang='lat' dir='ltr'>potest,</span> <span class='ocrx_word' id='word_1_178' title='bbox 836 3012 876 3075; x_wconf 90' lang='lat' dir='ltr'>ut</span> <span class='ocrx_word' id='word_1_179' title='bbox 895 3011 958 3077; x_wconf 91' lang='lat' dir='ltr'>hoc</span> <span class='ocrx_word' id='word_1_180' title='bbox 976 3012 1073 3094; x_wconf 86' lang='lat' dir='ltr'>paulo</span> <span class='ocrx_word' id='word_1_181' title='bbox 1093 3013 1256 3095; x_wconf 89' lang='lat' dir='ltr'>copiosius</span> <span class='ocrx_word' id='word_1_182' title='bbox 1268 3010 1489 3077; x_wconf 89' lang='lat' dir='ltr'>ostendamus.</span> 
     </span>
    </p>

    <p class='ocr_par' dir='ltr' id='par_1_9' title="bbox 352 3115 1492 3410">
     <span class='ocr_line' id='line_1_25' title="bbox 398 3115 1492 3200; baseline -0.004 -20"><span class='ocrx_word' id='word_1_183' title='bbox 398 3116 457 3180; x_wconf 88' lang='lat' dir='ltr'>Vs.</span> <span class='ocrx_word' id='word_1_184' title='bbox 485 3116 513 3178; x_wconf 89' lang='lat'>1.</span> <span class='ocrx_word' id='word_1_185' title='bbox 542 3115 702 3200; x_wconf 87' lang='lat' dir='ltr'>„Obsecro</span> <span class='ocrx_word' id='word_1_186' title='bbox 726 3116 817 3199; x_wconf 82' lang='lat' dir='ltr'>vos”‚</span> <span class='ocrx_word' id='word_1_187' title='bbox 843 3117 1030 3198; x_wconf 86' lang='lat' dir='ltr'>quidnam?</span> <span class='ocrx_word' id='word_1_188' title='bbox 1061 3119 1145 3199; x_wconf 75' lang='lat' dir='ltr'>Quid</span> <span class='ocrx_word' id='word_1_189' title='bbox 1169 3121 1223 3184; x_wconf 92' lang='grc'>661</span> <span class='ocrx_word' id='word_1_190' title='bbox 1246 3118 1415 3183; x_wconf 88' lang='lat' dir='ltr'>obsecrare</span> <span class='ocrx_word' id='word_1_191' title='bbox 1438 3130 1492 3195; x_wconf 90' lang='lat' dir='ltr'>per</span> 
     </span>
     <span class='ocr_line' id='line_1_26' title="bbox 352 3218 1491 3311; baseline -0.002 -26"><span class='ocrx_word' id='word_1_192' title='bbox 352 3220 647 3287; x_wconf 87' lang='lat' dir='ltr'>mansuetudinem</span> <span class='ocrx_word' id='word_1_193' title='bbox 671 3220 822 3287; x_wconf 81' lang='lat' dir='ltr'>Christi?</span> <span class='ocrx_word' id='word_1_194' title='bbox 855 3222 957 3304; x_wconf 76' lang='lat' dir='ltr'>Quid:</span> <span class='ocrx_word' id='word_1_195' title='bbox 985 3226 1138 3311; x_wconf 86' lang='lat' dir='ltr'>„obsecro</span> <span class='ocrx_word' id='word_1_196' title='bbox 1160 3242 1221 3291; x_wconf 89' lang='lat' dir='ltr'>vos</span> <span class='ocrx_word' id='word_1_197' title='bbox 1244 3240 1304 3305; x_wconf 89' lang='lat' dir='ltr'>ege</span> <span class='ocrx_word' id='word_1_198' title='bbox 1327 3222 1384 3305; x_wconf 93' lang='lat' dir='ltr'>qui</span> <span class='ocrx_word' id='word_1_199' title='bbox 1409 3218 1491 3304; x_wconf 92' lang='lat' dir='ltr'>apud</span> 
     </span>
     <span class='ocr_line' id='line_1_27' title="bbox 353 3325 1285 3410; baseline 0.004 -19"><span class='ocrx_word' id='word_1_200' title='bbox 353 3342 415 3391; x_wconf 90' lang='lat' dir='ltr'>vos</span> <span class='ocrx_word' id='word_1_201' title='bbox 438 3325 574 3391; x_wconf 89' lang='lat' dir='ltr'>humilis</span> <span class='ocrx_word' id='word_1_202' title='bbox 597 3344 689 3410; x_wconf 88' lang='lat' dir='ltr'>sum,</span> <span class='ocrx_word' id='word_1_203' title='bbox 715 3330 830 3393; x_wconf 82' lang='lat' dir='ltr'>vestra</span> <span class='ocrx_word' id='word_1_204' title='bbox 853 3332 970 3395; x_wconf 89' lang='lat' dir='ltr'>autem</span> <span class='ocrx_word' id='word_1_205' title='bbox 992 3347 1092 3396; x_wconf 90' lang='lat' dir='ltr'>causa</span> <span class='ocrx_word' id='word_1_206' title='bbox 1114 3329 1285 3396; x_wconf 85' lang='lat' dir='ltr'>conlido?&#39;&#39;</span> 
     </span>
    </p>

    <p class='ocr_par' dir='ltr' id='par_1_10' title="bbox 354 3428 1497 3951">
     <span class='ocr_line' id='line_1_28' title="bbox 405 3428 1493 3519; baseline 0 -23"><span class='ocrx_word' id='word_1_207' title='bbox 405 3430 465 3496; x_wconf 83' lang='lat' dir='ltr'>Vs.</span> <span class='ocrx_word' id='word_1_208' title='bbox 497 3433 528 3497; x_wconf 81' lang='grc'>2.</span> <span class='ocrx_word' id='word_1_209' title='bbox 561 3428 651 3497; x_wconf 86' lang='lat' dir='ltr'>Satis</span> <span class='ocrx_word' id='word_1_210' title='bbox 682 3434 794 3499; x_wconf 90' lang='lat' dir='ltr'>estin</span> <span class='ocrx_word' id='word_1_211' title='bbox 816 3434 920 3502; x_wconf 88' lang='lat' dir='ltr'>alium</span> <span class='ocrx_word' id='word_1_212' title='bbox 944 3452 1131 3502; x_wconf 87' lang='lat' dir='ltr'>sermenem</span> <span class='ocrx_word' id='word_1_213' title='bbox 1153 3437 1362 3518; x_wconf 87' lang='lat' dir='ltr'>convertere;</span> <span class='ocrx_word' id='word_1_214' title='bbox 1389 3435 1493 3519; x_wconf 88' lang='lat' dir='ltr'>„Rogo</span> 
     </span>
     <span class='ocr_line' id='line_1_29' title="bbox 354 3538 1493 3631; baseline -0.002 -24"><span class='ocrx_word' id='word_1_215' title='bbox 354 3542 471 3607; x_wconf 90' lang='lat' dir='ltr'>autem</span> <span class='ocrx_word' id='word_1_216' title='bbox 493 3556 535 3604; x_wconf 90' lang='lat' dir='ltr'>ne</span> <span class='ocrx_word' id='word_1_217' title='bbox 558 3556 716 3631; x_wconf 79' lang='lat' dir='ltr'>praesens</span> <span class='ocrx_word' id='word_1_218' title='bbox 739 3541 882 3607; x_wconf 91' lang='lat' dir='ltr'>audeam</span> <span class='ocrx_word' id='word_1_219' title='bbox 903 3560 962 3624; x_wconf 91' lang='lat' dir='ltr'>per</span> <span class='ocrx_word' id='word_1_220' title='bbox 983 3560 1059 3608; x_wconf 89' lang='lat' dir='ltr'>eam</span> <span class='ocrx_word' id='word_1_221' title='bbox 1079 3542 1313 3609; x_wconf 86' lang='lat' dir='ltr'>confidentiam</span> <span class='ocrx_word' id='word_1_222' title='bbox 1333 3558 1398 3623; x_wconf 90' lang='lat' dir='ltr'>qua</span> <span class='ocrx_word' id='word_1_223' title='bbox 1415 3538 1493 3605; x_wconf 82' lang='lat' dir='ltr'>exis·</span> 
     </span>
     <span class='ocr_line' id='line_1_30' title="bbox 357 3646 1494 3732; baseline -0.004 -20"><span class='ocrx_word' id='word_1_224' title='bbox 357 3647 441 3712; x_wconf 89' lang='lat' dir='ltr'>timo</span> <span class='ocrx_word' id='word_1_225' title='bbox 475 3646 597 3711; x_wconf 90' lang='lat' dir='ltr'>audere</span> <span class='ocrx_word' id='word_1_226' title='bbox 630 3646 665 3710; x_wconf 92' lang='lat' dir='ltr'>in</span> <span class='ocrx_word' id='word_1_227' title='bbox 699 3648 877 3732; x_wconf 89' lang='lat' dir='ltr'>quosdam,</span> <span class='ocrx_word' id='word_1_228' title='bbox 913 3649 971 3731; x_wconf 81' lang='lat' dir='ltr'>qui</span> <span class='ocrx_word' id='word_1_229' title='bbox 1005 3649 1212 3715; x_wconf 85' lang='lat' dir='ltr'>arbitrantur</span> <span class='ocrx_word' id='word_1_230' title='bbox 1245 3666 1306 3715; x_wconf 91' lang='grc'>666</span> <span class='ocrx_word' id='word_1_231' title='bbox 1339 3650 1494 3729; x_wconf 88' lang='lat' dir='ltr'>tanquam</span> 
     </span>
     <span class='ocr_line' id='line_1_31' title="bbox 359 3753 1494 3838; baseline -0.005 -20"><span class='ocrx_word' id='word_1_232' title='bbox 359 3753 544 3819; x_wconf 91' lang='lat' dir='ltr'>secundum</span> <span class='ocrx_word' id='word_1_233' title='bbox 566 3770 701 3818; x_wconf 89' lang='lat' dir='ltr'>carnem</span> <span class='ocrx_word' id='word_1_234' title='bbox 722 3753 965 3822; x_wconf 85' lang='lat' dir='ltr'>ambulemus&#39;’.</span> <span class='ocrx_word' id='word_1_235' title='bbox 990 3753 1024 3820; x_wconf 84' lang='lat' dir='ltr'>Si</span> <span class='ocrx_word' id='word_1_236' title='bbox 1043 3756 1118 3838; x_wconf 88' lang='lat' dir='ltr'>quis</span> <span class='ocrx_word' id='word_1_237' title='bbox 1136 3756 1218 3821; x_wconf 90' lang='lat' dir='ltr'>haec</span> <span class='ocrx_word' id='word_1_238' title='bbox 1235 3753 1413 3836; x_wconf 84' lang='lat' dir='ltr'>intelliget,</span> <span class='ocrx_word' id='word_1_239' title='bbox 1434 3766 1494 3815; x_wconf 89' lang='lat' dir='ltr'>non</span> 
     </span>
     <span class='ocr_line' id='line_1_32' title="bbox 360 3858 1497 3951; baseline 0.004 -26"><span class='ocrx_word' id='word_1_240' title='bbox 360 3858 602 3941; x_wconf 82' lang='lat' dir='ltr'>invidebimus,</span> <span class='ocrx_word' id='word_1_241' title='bbox 628 3859 685 3925; x_wconf 91' lang='lat' dir='ltr'>sed</span> <span class='ocrx_word' id='word_1_242' title='bbox 708 3859 850 3941; x_wconf 89' lang='lat' dir='ltr'>ingenue</span> <span class='ocrx_word' id='word_1_243' title='bbox 874 3862 1080 3928; x_wconf 87' lang='lat' dir='ltr'>mirabimur.</span> <span class='ocrx_word' id='word_1_244' title='bbox 1389 3944 1392 3951; x_wconf 23' lang='grc' dir='ltr'>Ι</span> <span class='ocrx_word' id='word_1_245' title='bbox 1496 3904 1497 3907; x_wconf 57' lang='lat'><em>=</em></span> 
     </span>
    </p>

    <p class='ocr_par' dir='ltr' id='par_1_11' title="bbox 362 3963 1492 4161">
     <span class='ocr_line' id='line_1_33' title="bbox 410 3963 1492 4050; baseline -0.006 -19"><span class='ocrx_word' id='word_1_246' title='bbox 410 3965 469 4031; x_wconf 89' lang='lat' dir='ltr'>Vs.</span> <span class='ocrx_word' id='word_1_247' title='bbox 501 3964 602 4031; x_wconf 90' lang='grc'><strong>161116</strong></span> <span class='ocrx_word' id='word_1_248' title='bbox 634 3968 801 4048; x_wconf 89' lang='lat' dir='ltr'>quantum</span> <span class='ocrx_word' id='word_1_249' title='bbox 831 3966 972 4047; x_wconf 89' lang='lat' dir='ltr'>intelligi</span> <span class='ocrx_word' id='word_1_250' title='bbox 1001 3970 1129 4050; x_wconf 91' lang='lat' dir='ltr'>potest,</span> <span class='ocrx_word' id='word_1_251' title='bbox 1154 3968 1293 4047; x_wconf 87' lang='lat' dir='ltr'>frigidus</span> <span class='ocrx_word' id='word_1_252' title='bbox 1315 3965 1410 4032; x_wconf 90' lang='lat' dir='ltr'>lusus</span> <span class='ocrx_word' id='word_1_253' title='bbox 1431 3963 1492 4041; x_wconf 87' lang='lat' dir='ltr'>est,</span> 
     </span>
     <span class='ocr_line' id='line_1_34' title="bbox 362 4069 1380 4161; baseline 0 -22"><span class='ocrx_word' id='word_1_254' title='bbox 362 4090 443 4139; x_wconf 88' lang='lat' dir='ltr'>nam</span> <span class='ocrx_word' id='word_1_255' title='bbox 466 4069 545 4150; x_wconf 72' lang='grc' dir='ltr'>σάρξ</span> <span class='ocrx_word' id='word_1_256' title='bbox 567 4072 714 4153; x_wconf 89' lang='lat' dir='ltr'>primum</span> <span class='ocrx_word' id='word_1_257' title='bbox 737 4090 829 4156; x_wconf 84' lang='lat' dir='ltr'>caro,</span> <span class='ocrx_word' id='word_1_258' title='bbox 855 4073 972 4139; x_wconf 92' lang='lat' dir='ltr'>deinde</span> <span class='ocrx_word' id='word_1_259' title='bbox 994 4074 1059 4158; x_wconf 85' lang='lat' dir='ltr'>(vs.</span> <span class='ocrx_word' id='word_1_260' title='bbox 1084 4074 1119 4161; x_wconf 84' lang='lat'>4)</span> <span class='ocrx_word' id='word_1_261' title='bbox 1142 4072 1294 4140; x_wconf 89' lang='lat' dir='ltr'>debilitas</span> <span class='ocrx_word' id='word_1_262' title='bbox 1316 4074 1380 4139; x_wconf 86' lang='grc'>661</span> 
     </span>
    </p>
   </div>
   <div class='ocr_carea' id='block_1_5' title="bbox 372 4256 546 4271">
    <p class='ocr_par' dir='ltr' id='par_1_12' title="bbox 372 4256 546 4271">
     <span class='ocr_line' id='line_1_35' title="bbox 372 4256 546 4271; baseline -0.023 0"><span class='ocrx_word' id='word_1_263' title='bbox 372 4256 546 4271; x_wconf 64' lang='lat' dir='ltr'>...n-t·-</span> 
     </span>
    </p>
   </div>
   <div class='ocr_carea' id='block_1_6' title="bbox 368 4336 1491 4594">
    <p class='ocr_par' dir='ltr' id='par_1_13' title="bbox 368 4336 1491 4594">
     <span class='ocr_line' id='line_1_36' title="bbox 401 4336 1491 4446; baseline -0.006 -29"><span class='ocrx_word' id='word_1_264' title='bbox 401 4368 428 4433; x_wconf 88' lang='lat'>1)</span> <span class='ocrx_word' id='word_1_265' title='bbox 452 4365 518 4432; x_wconf 77' lang='grc'>666</span> <span class='ocrx_word' id='word_1_266' title='bbox 540 4363 628 4426; x_wconf 67' lang='grc' dir='ltr'><strong><em>δοκιμὴ</em></strong></span> <span class='ocrx_word' id='word_1_267' title='bbox 650 4364 695 4425; x_wconf 80' lang='lat' dir='ltr'>st,</span> <span class='ocrx_word' id='word_1_268' title='bbox 717 4364 748 4415; x_wconf 75' lang='lat' dir='ltr'>u.</span> <span class='ocrx_word' id='word_1_269' title='bbox 770 4365 787 4414; x_wconf 84' lang='lat' dir='ltr'>a</span> <span class='ocrx_word' id='word_1_270' title='bbox 809 4364 863 4446; x_wconf 61' lang='lat'>003.</span> <span class='ocrx_word' id='word_1_271' title='bbox 883 4366 906 4423; x_wconf 83' lang='grc'>6,</span> <span class='ocrx_word' id='word_1_272' title='bbox 924 4365 954 4423; x_wconf 68' lang='lat' dir='ltr'>a</span> <span class='ocrx_word' id='word_1_273' title='bbox 974 4364 996 4424; x_wconf 89' lang='grc'>6,</span> <span class='ocrx_word' id='word_1_274' title='bbox 1015 4364 1058 4423; x_wconf 72' lang='grc'>66</span> <span class='ocrx_word' id='word_1_275' title='bbox 1078 4364 1118 4423; x_wconf 83' lang='grc'>16,</span> <span class='ocrx_word' id='word_1_276' title='bbox 1138 4365 1165 4423; x_wconf 68' lang='lat' dir='ltr'>b</span> <span class='ocrx_word' id='word_1_277' title='bbox 1185 4360 1249 4412; x_wconf 79' lang='grc'><strong>161.</strong></span> <span class='ocrx_word' id='word_1_278' title='bbox 1267 4360 1291 4421; x_wconf 79' lang='lat' dir='ltr'>a,</span> <span class='ocrx_word' id='word_1_279' title='bbox 1308 4336 1349 4411; x_wconf 83' lang='lat' dir='ltr'>aa</span> <span class='ocrx_word' id='word_1_280' title='bbox 1366 4352 1491 4419; x_wconf 62' lang='grc'><strong>6661611</strong></span> 
     </span>
     <span class='ocr_line' id='line_1_37' title="bbox 368 4442 1320 4515; baseline -0.006 -15"><span class='ocrx_word' id='word_1_281' title='bbox 368 4452 402 4501; x_wconf 88' lang='grc' dir='ltr'>Ν.</span> <span class='ocrx_word' id='word_1_282' title='bbox 420 4449 446 4498; x_wconf 82' lang='grc'>’1.</span> <span class='ocrx_word' id='word_1_283' title='bbox 464 4448 550 4515; x_wconf 78' lang='lat' dir='ltr'>septies</span> <span class='ocrx_word' id='word_1_284' title='bbox 566 4447 682 4508; x_wconf 82' lang='grc'><strong>66661111,</strong></span> <span class='ocrx_word' id='word_1_285' title='bbox 700 4462 784 4513; x_wconf 84' lang='lat' dir='ltr'>nempe</span> <span class='ocrx_word' id='word_1_286' title='bbox 802 4445 858 4495; x_wconf 83' lang='lat' dir='ltr'>alibi</span> <span class='ocrx_word' id='word_1_287' title='bbox 876 4449 926 4507; x_wconf 84' lang='lat' dir='ltr'>ter,</span> <span class='ocrx_word' id='word_1_288' title='bbox 943 4447 983 4497; x_wconf 82' lang='lat' dir='ltr'>sed</span> <span class='ocrx_word' id='word_1_289' title='bbox 1000 4448 1084 4509; x_wconf 78' lang='grc'><strong>666161</strong></span> <span class='ocrx_word' id='word_1_290' title='bbox 1101 4445 1126 4495; x_wconf 88' lang='lat' dir='ltr'>in</span> <span class='ocrx_word' id='word_1_291' title='bbox 1143 4446 1187 4495; x_wconf 79' lang='lat' dir='ltr'>hae</span> <span class='ocrx_word' id='word_1_292' title='bbox 1204 4442 1320 4510; x_wconf 78' lang='lat' dir='ltr'>Epistula.</span> 
     </span>
     <span class='ocr_line' id='line_1_38' title="bbox 403 4528 1025 4594; baseline -0.003 -12"><span class='ocrx_word' id='word_1_293' title='bbox 403 4532 428 4594; x_wconf 73' lang='grc'>2)</span> <span class='ocrx_word' id='word_1_294' title='bbox 445 4532 496 4582; x_wconf 73' lang='lat' dir='ltr'>(lid.</span> <span class='ocrx_word' id='word_1_295' title='bbox 514 4531 645 4581; x_wconf 79' lang='grc'><strong>1611116661</strong></span> <span class='ocrx_word' id='word_1_296' title='bbox 663 4529 724 4580; x_wconf 75' lang='lat' dir='ltr'>&#39;lim</span> <span class='ocrx_word' id='word_1_297' title='bbox 744 4531 767 4590; x_wconf 82' lang='grc'>1,</span> <span class='ocrx_word' id='word_1_298' title='bbox 784 4529 811 4589; x_wconf 72' lang='grc'><strong>6,</strong></span> <span class='ocrx_word' id='word_1_299' title='bbox 832 4529 876 4592; x_wconf 74' lang='lat'>163</span> <span class='ocrx_word' id='word_1_300' title='bbox 894 4528 940 4580; x_wconf 81' lang='lat' dir='ltr'>&#39;lit</span> <span class='ocrx_word' id='word_1_301' title='bbox 960 4529 983 4589; x_wconf 84' lang='lat'>1,</span> <span class='ocrx_word' id='word_1_302' title='bbox 1001 4529 1025 4580; x_wconf 81' lang='lat' dir='ltr'>d.</span> 
     </span>
    </p>
   </div>
   <div class='ocr_carea' id='block_1_7' title="bbox 0 0 1648 5325">
    <p class='ocr_par' dir='ltr' id='par_1_14' title="bbox 0 0 1648 5325">
     <span class='ocr_line' id='line_1_39' title="bbox 0 0 1648 5325; baseline 0 0"><span class='ocrx_word' id='word_1_303' title='bbox 0 0 1648 5325; x_wconf 95' lang='lat' dir='ltr'> </span> 
     </span>
    </p>
   </div>
  </div>
 </body>
</html>
