3192 5325
625 619 667 682 19

65 800 140 886 15);
175 802 302 883 3,12;
335 801 387 866 13.
420 800 458 880 4,
494 802 509 864 1
544 817 650 880 usque
679 800 721 866 ad
746 801 767 865 9
789 801 885 882 incl.;
913 802 954 867 13
977 817 1083 882 usque
1107 799 1148 864 ad
1174 801 1215 865 18

64 905 221 990 (excepto
243 925 296 973 vs.
323 906 379 970 14⁸
404 906 429 970 εἰ
454 912 517 985 γὰρ
536 943 568 953 -
586 905 702 985 dodra).

109 1013 293 1096 Discipulis
315 1013 387 1079 suis
410 1013 551 1096 scriptor
572 1017 708 1080 revocat
730 1014 766 1078 in
787 1015 985 1081 memoriam
1005 1013 1218 1097 quammulti

65 1119 102 1183 in
127 1119 253 1185 Judaea
273 1120 424 1185 homines
449 1119 532 1202 sint,
555 1119 615 1201 qni
633 1120 750 1185 eadem
773 1137 832 1202 spe
855 1121 1047 1186 ductantur.
1073 1121 1118 1186 Hi
1137 1122 1218 1186 dum

67 1227 151 1291 Jesn
180 1227 367 1291 adventurn
396 1225 468 1291 sive
500 1226 667 1303 οοαροοοίαν
692 1224 862 1308 (minima
887 1227 1048 1312 reditum)
1071 1227 1218 1308 quotidie

64 1333 325 1416 exspectabant,
358 1348 456 1414 saepe
486 1330 702 1397 inclementer
726 1332 865 1398 tractati
895 1334 1029 1398 inerant
1053 1333 1095 1400 ab
1118 1334 1217 1398 tribu·

65 1436 173 1520 libus,
198 1456 282 1519 quos
304 1438 501 1503 Pharisaeos
524 1438 628 1504 fuisse
651 1438 865 1520 conjicimus
891 1439 948 1520 qui
971 1439 1098 1505 nollent
1124 1457 1218 1505 sacra
1345 1422 1348 1429 ’

66 1544 234 1625 mysteria
252 1543 525 1609 communicando
545 1543 721 1624 profanari.
741 1542 781 1608 In
797 1543 861 1610 alio
881 1544 990 1625 capite
1002 1545 1089 1626 quod
1102 1545 1216 1627 periit,

66 1650 212 1731 scripior
235 1649 404 1730 discipulis
427 1649 581 1714 animum
598 1649 741 1714 addebat
761 1650 802 1719 εἷς
824 1651 858 1713 τὸ
874 1647 994 1727 suplici
1007 1651 1070 1716 κτέ.
1086 1650 1136 1734 (3,
1154 1650 1217 1729 13).

67 1754 266 1836 Propediem
297 1755 396 1821 lesus
423 1757 590 1819 venturus
619 1758 692 1818 erat
716 1773 792 1820 cum
818 1756 971 1821 omnibus
995 1756 1128 1822 Sanctis
1151 1756 1218 1841 (ve-

67 1862 155 1926 teris
185 1861 414 1944 Testamenti),
447 1861 505 1926 sed
534 1860 686 1925 fidelibus
717 1861 830 1927 sedulo
861 1861 1047 1927 cavendum
1081 1864 1219 1928 eratne

67 1985 142 2032 non
162 1967 389 2049 reperirentur
411 1962 583 2040 ἄμεμπτοι.
609 1964 735 2030 Deinde
762 1983 840 2031 cnm
863 1966 926 2034 alia
950 1971 1149 2047 argumenta
1171 1970 1218 2033 at·

67 2073 191 2156 tmgit,
224 2076 300 2138 tum
332 2073 402 2152 agii
433 2071 498 2149 περὶ
531 2075 589 2133 τῶν
612 2070 824 2146 κοιμωμένων.
849 2073 980 2153 Reliqui
1002 2072 1137 2158 Judaei,
1163 2075 1217 2155 qui

66 2182 232 2260 perpetuo
255 2179 429 2245 somniant
450 2179 561 2258 gentis
586 2195 666 2243 suae
688 2178 985 2260 restaurationem,
1007 2182 1158 2246 mortuos
1175 2180 1220 2244 lu-

68 2288 155 2365 gent
175 2288 341 2368 tanquam
366 2282 391 2348 oi
414 2284 458 2360 μὴ
481 2283 606 2364 ἔχοντες
631 2283 761 2367 ἐλπίδα,
788 2286 846 2350 sed
869 2303 932 2350 vos
956 2285 1091 2351 meliora
1114 2285 1221 2352 edocti

69 2391 167 2457 estis.
200 2390 307 2456 Sicuti
329 2408 391 2456 vos
423 2389 599 2472 rapiemini
630 2391 665 2455 in
696 2391 841 2456 nubibus
871 2391 1005 2457 obviarn
1029 2391 1161 2458 Christo
1184 2392 1220 2455 in
1270 2432 1272 2436 -

71 2513 152 2562 aera
174 2495 246 2580 (sed
267 2497 389 2562 horum
412 2497 591 2562 verborum
613 2513 690 2576 pars
709 2495 901 2577 intercidit),
924 2492 1016 2568 οὕτος
1036 2497 1050 2560 ὁ
1070 2497 1132 2568 θεὸς
1147 2504 1218 2560 ΚΑΙ

71 2601 144 2672 τοὺς
167 2602 365 2678 κοιμηθέντας
390 2600 458 2679 ἄξει
478 2600 533 2665 σὺν
558 2600 692 2686 eiffela]
718 2601 783 2687 (VS.
808 2599 888 2684 14¹¹).
914 2603 1001 2669 Tum
1021 2603 1219 2685 Solipiorin·

36 2707 41 2726 '
73 2709 157 2790 cipit
175 2710 358 2775 describere
381 2710 463 2775 Jesu
486 2708 663 2785 παρουσίαν.
689 2707 779 2774 Num
802 2707 897 2790 plura
920 2726 963 2773 ex
986 2709 1040 2774 illo
1063 2708 1221 2793 opusculo

74 2814 108 2879 in
142 2815 229 2880 hanc
258 2814 438 2897 epistulam
464 2812 628 2879 translata
659 2814 746 2896 sint,
779 2814 839 2878 vix
863 2814 938 2879 ausi
961 2814 1123 2880 fuerimus
1147 2816 1221 2881 defi-

75 2920 163 3003 nire,
198 2920 257 2986 sed
287 2925 403 2986 tamen
432 2920 573 2985 eandem
601 2923 719 2985 rocem
747 2918 864 2984 audire
887 2920 982 2984 nobis
1005 2921 1158 2986 ridemur
1182 2920 1219 3002 5,

78 3027 164 3090 1-3
195 3031 231 3091 et
264 3027 413 3109 14-28,
438 3027 474 3090 in
497 3026 617 3107 quibus
640 3025 793 3090 versibus
817 3023 1067 3091 adhortationes
1090 3027 1132 3091 ad
1155 3028 1219 3092 vir·

77 3135 188 3199 tutem
217 3133 428 3214 aliquantum
459 3132 584 3196 distare
614 3130 772 3194 videntur
804 3132 1053 3212 apraestantia
1086 3133 1222 3198 Ethices

77 3238 304 3319 Christianae,
329 3239 387 3303 sed
410 3236 545 3303 omnino
568 3236 639 3301 lieri
661 3254 729 3301 non
742 3237 853 3316 potest
865 3238 905 3299 nt
916 3234 1062 3302 indidem
1074 3238 1222 3304 desumti

80 3344 149 3409 sint
179 3363 249 3410 vss.
274 3344 312 3428 5,
338 3344 468 3424 4-10;
492 3360 554 3408 nec
575 3342 728 3407 lubenter
753 3341 878 3407 Judaec
900 3340 947 3406 illi
969 3343 1157 3409 tribuemus
1182 3344 1219 3427 5,

83 3448 222 3515 11-13.

124 3558 195 3622 Hoc
224 3557 328 3635 igitur
357 3555 554 3637 opusculum
583 3554 707 3619 Paulus
733 3553 932 3635 Episcopus,
957 3555 1014 3636 qui
1037 3573 1222 3638 numquam

82 3661 150 3742 ipse
180 3663 245 3729 tale
276 3662 356 3743 quid
387 3662 552 3726 elaborare
583 3661 755 3742 potuerat,
787 3658 993 3723 δνοοαεύαονν.
1018 3661 1222 3729 Percommo-

85 3768 161 3832 dum
189 3770 218 3834 ei
248 3770 322 3833 erat
354 3768 391 3832 in
422 3784 501 3833 suos
534 3784 619 3831 usus
653 3768 845 3831 convertere
878 3767 980 3831 verba
1013 3769 1223 3837 auctoritatis

86 3871 177 3953 plena
198 3877 233 3939 et
255 3874 451 3956 conjunctas
473 3872 638 3937 Ecclesiae
660 3870 791 3955 laudes,
818 3888 881 3952 quo
904 3873 1054 3951 tempore
1081 3875 1152 3954 ipse
1175 3894 1223 3942 co-

25 3991 27 4060 ξ
88 3981 178 4045 actus
207 3998 245 4046 ac
276 3979 516 4060 propemodum
539 3978 669 4043 invitus
692 3994 728 4042 se
751 3976 863 4058 ipsum
885 3978 1059 4044 defendere
1082 3979 1224 4048 debebat

26 4069 28 4138 l
89 4086 123 4146 et
149 4084 316 4164 ingratum
347 4084 501 4149 animum
532 4084 729 4163 exprobrare
763 4081 927 4148 Ecclesiae
958 4084 1106 4170 cuidam,
1139 4104 1224 4168 quae

90 4188 227 4256 officium
248 4189 449 4270 neglexerat.
473 4188 641 4254 Urebatur
659 4188 809 4254 oratione
828 4188 1015 4254 verbosiore
1030 4208 1137 4273 neque
1156 4212 1224 4260 am·

92 4292 189 4373 pullas
217 4297 414 4379 spemebat3
446 4295 487 4359 de
518 4312 579 4359 suo
609 4295 696 4375 quod
719 4295 909 4376 depromere
933 4297 1080 4377 poterat,
1105 4317 1225 4380 parum

93 4403 176 4482 erat;
204 4403 335 4467 viarum
366 4400 568 4466 deverticula
591 4400 671 4465 adeo
694 4417 761 4464 non
785 4400 966 4484 fugitabat,
992 4405 1032 4467 ut
1054 4404 1225 4472 interdum

95 4509 233 4586 captaret
261 4507 450 4574 occasiones
479 4522 612 4586 gregem
636 4523 737 4571 suum
760 4505 958 4571 adhortandi
982 4510 1017 4571 et
1040 4525 1225 4577 commone·

96 4610 239 4696 faciendi;
262 4630 328 4695 qua
345 4613 382 4678 in
404 4629 441 4678 re
459 4612 599 4678 subinde
618 4628 661 4677 ne
677 4612 719 4678 ab
738 4611 917 4677 verborum
937 4614 1072 4694 quidem
1098 4615 1225 4682 lusibus
