3192 5325
654 559 696 624 33

94 738 403 805 animadversiones
448 739 533 805 satis
567 739 806 805 declarabunt:
844 737 999 818 Ἀβραὰμ
1031 741 1174 808 &ricavus
1205 743 1246 821 τῷ

94 845 148 923 θεῷ
169 851 233 922 (νε.
254 847 290 928 6)
308 863 384 926 nec,
406 847 493 928 quod
513 846 658 926 exempli
677 847 786 925 gratia
803 848 930 912 dictum
944 851 1034 930 esto,
1047 850 1089 929 τῷ
1102 849 1248 925 μέλλοντι

95 951 203 1030 mirri.
227 951 383 1017 Abrahae
406 952 464 1018 filii
488 970 555 1018 non
581 954 664 1017 sunt
686 953 743 1034 qni
765 955 876 1018 certae
899 953 976 1018 fidei
999 954 1123 1020 addicti
1147 961 1244 1037 sunt,

95 1057 152 1122 sed
176 1057 203 1120 οἱ
229 1057 264 1120 ἐκ
286 1058 398 1127 elefas
424 1057 489 1142 (VS.
518 1062 558 1135 7).

137 1161 233 1227 Nihil
254 1164 397 1229 interest
415 1163 550 1228 1616ῐὲ6
578 1162 690 1234 viceor
711 1159 788 1227 εἶναι
806 1168 842 1230 61
854 1164 941 1231 aestu
953 1161 1048 1229 εἶναι·
1063 1168 1139 1232 Vide
1152 1170 1249 1235 modo

95 1285 147 1332 VS.
172 1271 211 1332 9:
238 1269 263 1331 61
288 1269 322 1331 ἔκ
346 1269 458 1339 aleses
481 1269 684 1344 εὐλογοῦνται
711 1268 766 1331 σὺν
790 1271 832 1346 τῷ
859 1271 936 1348 racd
961 1269 1125 1349 Ἀβραάμ.

144 1381 219 1444 Τοῖς
247 1374 281 1437 ἐκ
305 1374 415 1446 aletur
442 1376 505 1459 (Sic
529 1376 619 1440 nude
642 1377 754 1460 dictis)
779 1380 993 1458 opponuntur
1016 1375 1075 1440 ὅσοι
1101 1375 1135 1450 ἕξ
1156 1375 1249 1456 ἔργων

96 1479 186 1554 νόμον
207 1481 282 1543 εἰσίν
302 1480 448 1565 (νε.10),
469 1480 527 1563 qui
550 1498 737 1562 numquam
756 1482 915 1547 dicuntur
935 1483 988 1546 ν61
1007 1484 1126 1548 ludaei
1146 1483 1250 1550 fuisse

96 1586 148 1651 ν61
172 1587 356 1653 Christiani
379 1605 423 1652 ex
446 1587 592 1654 ludaeis.

9 1699 12 1703 ’
139 1693 235 1772 Quod
266 1693 483 1758 maledictum
513 1698 568 1758 est
599 1694 755 1760 omnibus
785 1691 846 1756 ὅσοι
880 1692 914 1768 ἐξ
942 1691 1035 1769 ἔργων
1061 1693 1150 1769 νόμον
1175 1695 1250 1760 εἰσίν

99 1799 254 1879 quodque
277 1797 364 1873 νόμος
384 1801 421 1864 et
439 1798 523 1870 alra
544 1799 635 1864 nulla
654 1800 784 1864 ratione
805 1801 963 1880 conjungi
981 1805 1141 1883 possunt,
1155 1804 1251 1868 unice

96 1903 269 1970 derivatur
300 1922 343 1969 ex
372 1905 451 1970 locis
475 1906 678 1986 quibusdam
702 1905 837 1970 Veteris
863 1905 1089 1990 Testamenti,
1117 1926 1183 1972 non
1208 1927 1251 1974 ex

96 2009 136 2074 iis
166 2028 255 2092 quae
285 2010 467 2076 Christiani
503 2012 564 2076 soli
595 2011 649 2076 vel
681 2029 760 2076 vere
791 2010 949 2077 accidisse
977 2013 1172 2098 credebant,
1198 2016 1252 2080 vel

96 2115 355 2198 philosophando
380 2118 651 2199 comprobabant.

139 2222 240 2288 Fides
263 2240 331 2303 qua
351 2223 467 2305 justus
487 2223 577 2288 vivit
598 2221 662 2306 (νε.
686 2221 752 2304 11),
773 2223 890 2287 eadem
910 2224 964 2288 illa
983 2224 1065 2290 fides
1085 2229 1138 2290 est
1151 2244 1252 2307 quam

97 2327 184 2406 apud
215 2328 386 2393 israelitas
418 2328 585 2409 Propheta
614 2327 773 2393 Habacuc
798 2329 846 2410 (2,
874 2329 906 2405 4)
927 2329 998 2410 jam
1022 2333 1137 2411 norat;
1163 2331 1252 2396 nullo

101 2434 197 2499 modo
221 2434 435 2515 conjungitur
457 2452 535 2500 oum
559 2435 715 2513 dogmate
738 2433 883 2513 quodam
906 2434 1179 2501 Christianorum.

142 2540 227 2606 Post
258 2557 327 2605 vss.
362 2541 401 2604 11
436 2544 472 2605 et
497 2540 539 2603 12
563 2541 695 2634 (quibus
716 2539 976 2621 aequiparantur
995 2541 1131 2622 J'ustitia
1154 2545 1188 2607 61
1212 2542 1245 2604 τὸ

100 2645 185 2711 mciv
217 2639 295 2708 εἶναι
323 2646 577 2727 ostenditurque
609 2644 762 2726 exemplo
786 2643 943 2711 Abrahae
956 2643 981 2722 1)
1006 2647 1077 2728 jam
1101 2647 1180 2713 olim
1204 2667 1252 2714 re·

100 2752 251 2817 velatum
287 2752 392 2817 tuisse
427 2752 505 2833 quid
541 2755 632 2817 esset
666 2751 701 2813 τὸ
733 2752 819 2815 nictu
852 2745 949 2835 εἶναι),
980 2754 1088 2832 pergit
1112 2754 1254 2834 scriptor

97 2874 257 2937 quaerere
282 2875 342 2922 cur
365 2860 481 2924 tamen
506 2857 597 2923 Dens
621 2860 674 2922 tot
704 2856 804 2921 annis
827 2859 904 2936 post
927 2856 1081 2923 Abrahae
1109 2863 1253 2925 mortem

101 2961 206 3041 legem
237 2962 466 3043 promulgarit.
504 2962 739 3042 Respondetur
771 2961 847 3025 inde
871 2962 912 3025 ab
936 2979 987 3025 νε.
1015 2963 1055 3027 15
1080 2962 1189 3044 (modo
1212 2964 1253 3027 le·

100 3084 156 3147 gas
179 3068 318 3142 λέγομεν
342 3068 380 3138 ὡς
405 3086 465 3148 pro
488 3068 571 3142 λέγω
595 3062 701 3149 ὅμως).
726 3067 839 3131 116661
864 3066 1018 3131 divinum
1041 3068 1174 3149 foedus,
1189 3070 1252 3133 ioe-

99 3174 159 3239 dns
182 3172 264 3239 olim
294 3174 401 3239 ictum
425 3192 504 3238 cum
534 3173 621 3238 fideli
644 3173 796 3254 Abraha,
819 3187 926 3252 neque
949 3172 1142 3250 infringitur
1165 3175 1252 3255 quod

96 3277 183 3344 Deus
221 3279 389 3360 pollicitus
421 3280 531 3344 iuerat
559 3278 716 3343 Abrahae
751 3280 787 3343 et
819 3294 898 3342 vero
930 3277 1051 3341 semini
1076 3279 1166 3361 ejus,
1194 3281 1252 3346 sed

97 3385 258 3461 προσετέθη
286 3384 340 3447 κτέ
366 3390 428 3462 (νε.
455 3384 509 3467 19)
524 3382 558 3466 ⁹).
587 3383 708 3448 Servat
730 3384 784 3448 lex
808 3400 906 3447 suam
930 3382 1022 3463 vim,
1045 3382 1148 3449 donec
1171 3404 1253 3452 vera

98 3490 250 3556 Abrahae
284 3489 413 3555 soboles
443 3491 654 3571 suboriatur,
688 3490 791 3554 donec
825 3489 860 3551 in
892 3487 1018 3552 mundo
1045 3491 1254 3569 reperiantur

97 3597 173 3663 escol
209 3600 245 3661 et
274 3595 463 3663 πιςεύοντες.
489 3595 558 3659 Neo
583 3596 674 3660 dedit
697 3594 788 3659 Deus
812 3594 934 3672 legem,
960 3610 1044 3673 quae
1067 3598 1181 3673 posset
1207 3598 1251 3660 vi-

97 3704 165 3768 tam
184 3702 321 3767 reddere
339 3705 375 3765 et
393 3702 560 3766 virtutem
579 3701 745 3781 excitare,
769 3699 827 3763 sed
850 3714 951 3781 quae,
969 3698 1141 3763 deficiente
1153 3701 1251 3767 unico

97 3808 271 3890 principio,
296 3825 361 3887 quo
384 3807 458 3871 vita
480 3806 663 3888 excitatur,
687 3820 773 3886 quae
792 3804 875 3869 fides
895 3806 964 3885 est,
987 3804 1019 3867 h.
1033 3821 1060 3867 6.
1078 3805 1252 3873 deficiente

48 3946 51 3951 -
98 3930 172 3978 vera
203 3912 315 3978 sobole
351 3912 527 3994 Abrahae,
562 3928 647 3991 quae
677 3909 741 3974 fide
772 3909 869 3973 unice
901 3910 1072 3990 censetur,
1103 3910 1251 3977 hnmana

98 4017 178 4084 vitia
212 4019 399 4083 contineret
436 4022 473 4081 et
508 4018 642 4081 caveret
677 4032 719 4079 ne
757 4015 945 4079 crescerent
972 4014 1007 4078 in
1032 4014 1252 4086 immensum.

99 4122 231 4189 Praeter
258 4122 363 4191 πιςούς
388 4139 487 4187 nemo
514 4138 650 4203 prorsus
674 4122 794 4185 beatus
818 4118 899 4182 erit:
924 4118 986 4183 hoc
1010 4122 1064 4183 est
1087 4122 1250 4188 eximium
1286 4116 1288 4121 ’

99 4228 172 4296 illud
204 4230 291 4310 quod
321 4228 413 4293 Deus
444 4227 613 4309 pollicitus
639 4228 702 4292 est.
735 4226 809 4290 Hoc
830 4241 1017 4305 numquam
1040 4224 1251 4296 revocabitur

130 4482 154 4541 1)
173 4486 207 4531 Do
222 4496 271 4531 vas.
289 4482 333 4539 la
353 4480 386 4529 14
402 4479 467 4528 inira
491 4494 597 4545 agemus.

131 4564 157 4629 2)
174 4566 211 4613 De
226 4579 261 4613 rr.
282 4562 327 4611 lob
343 4562 397 4612 vids
413 4562 485 4611 infru.
