3192 5325
884 495 949 560 230

343 681 466 744 verunt
497 680 702 746 vestimenta
724 699 786 746 sua
809 684 844 746 et
867 683 1089 748 ambulabunt
1112 684 1148 747 in
1170 683 1268 765 albis,
1294 683 1373 764 quia
1394 681 1480 760 digni

342 787 433 850 sunt.
469 784 712 866 Philadelphlae
745 805 799 853 res
826 805 862 854 se
893 791 991 869 paulo
1015 791 1134 855 melius
1158 789 1283 855 habent
1306 793 1342 854 et
1364 790 1482 854 fractae

343 894 425 956 sunt
455 891 616 956 Gentium
648 894 756 976 vires;
780 894 826 960 ibi
850 895 889 962 de
914 912 1084 978 synagoga
1109 892 1268 979 Satanae,
1293 897 1352 976 qui
1374 896 1482 960 dicunt

343 1014 379 1061 se
408 997 552 1063 Judaeos
573 1015 647 1064 esse
671 1016 732 1066 nec
754 1004 852 1082 sunt,
880 1001 1018 1067 venient
1043 1005 1078 1066 et
1101 1001 1289 1068 adorabunt
1311 1004 1391 1066 ante
1413 1001 1481 1066 fide-

342 1103 424 1167 lium
446 1105 556 1184 pedes.
581 1102 644 1170 Sed
668 1107 749 1172 haec
771 1125 839 1172 non
863 1106 930 1175 nisi
953 1107 1098 1188 prolusio
1122 1109 1192 1188 est,
1216 1106 1245 1172 si
1265 1107 1481 1172 tentationem

342 1211 538 1293 contuleris,
570 1229 654 1293 quae
685 1216 831 1278 ventura
862 1216 915 1278 est
946 1213 981 1278 in
1010 1215 1123 1278 orbem
1147 1213 1346 1278 universum
1360 1211 1391 1292 1).
1414 1213 1481 1277 Om-

341 1317 436 1381 nium
470 1317 578 1398 prima
612 1318 708 1384 cadet
738 1319 916 1400 Laodicea,
951 1337 1031 1384 nam
1054 1320 1100 1384 ibi
1120 1319 1266 1386 Ecclesia
1289 1337 1350 1386 nec
1372 1319 1482 1399 frigida

341 1439 402 1487 nec
425 1423 530 1488 calida
550 1428 602 1490 est
626 1443 766 1507 eamque
793 1427 931 1508 incipiet
954 1443 1107 1492 evomere
1129 1443 1172 1490 ex
1195 1443 1267 1510 ore,
1294 1427 1358 1492 nisi
1379 1442 1481 1492 mores

340 1531 578 1613 emendaverit.
613 1532 691 1612 ipsa
725 1532 901 1612 castigatio
929 1533 1085 1614 prodesse
1113 1533 1254 1615 poterit,
1291 1551 1370 1600 nam
1405 1551 1481 1615 quos

340 1639 450 1719 amat,
476 1638 588 1717 arguit
610 1641 646 1704 et
669 1639 822 1718 castigat.

386 1744 458 1810 Hoc
489 1745 587 1810 modo
620 1745 787 1810 transitus
820 1745 860 1810 fit
893 1747 935 1812 ad
968 1747 1048 1811 illud
1078 1746 1301 1812 tenerrimum
1329 1749 1481 1829 verbum,

341 1851 427 1931 quod
461 1868 529 1914 non
564 1852 844 1931 exspectabamus
867 1855 903 1917 11
924 1870 988 1933 quo
1011 1853 1181 1933 arguitur,
1208 1870 1398 1918 sermonum
1420 1852 1479 1917 illo-

340 1974 417 2020 rum
443 1956 704 2022 amaritudinem
734 1975 772 2022 11
804 1961 941 2023 tantum
966 1948 1132 2038 pertinere
1153 1961 1193 2024 ut
1217 1959 1252 2023 in
1276 1960 1382 2024 media
1402 1958 1481 2023 Asia

341 2063 469 2128 Minore
503 2060 669 2128 Ecclesiae
701 2063 854 2145 exemplo
889 2065 959 2130 sint
983 2065 1226 2130 sanctimoniae
1249 2069 1284 2130 et
1306 2067 1385 2146 legis
1405 2065 1480 2130 divi·

343 2187 407 2234 nae
435 2172 676 2236 observantiae.
710 2168 869 2235 Libenter
899 2171 1102 2249 emergimus
1133 2187 1177 2235 111
1196 2169 1261 2237 illis
1285 2171 1426 2237 obscuris
1448 2174 1480 2236 11

342 2275 463 2341 odiosis
497 2277 715 2359 imaginibus,
747 2278 788 2340 ut
819 2271 959 2341 tandem
992 2279 1168 2360 appareat,
1200 2276 1280 2357 quid
1306 2278 1478 2342 secundum

342 2383 430 2447 hunc
462 2383 657 2464 scriptorem
688 2383 702 2446 ὁ
735 2381 898 2461 ἐρχόμενος
929 2385 1025 2462 agat:
1054 2382 1139 2447 Ecce
1163 2385 1216 2448 sto
1240 2383 1282 2448 ad
1306 2385 1426 2449 ostium
1448 2387 1480 2448 et

341 2490 453 2570 pulso;
490 2491 519 2555 si
550 2490 626 2572 quis
647 2490 815 2572 aperuerit
833 2490 917 2554 mihi
935 2491 1090 2572 januam,
1116 2489 1248 2554 intrabo
1272 2490 1314 2554 ad
1337 2491 1426 2555 illum
1447 2493 1477 2554 et

342 2599 486 2662 coenabo
509 2614 588 2661 cum
610 2596 673 2662 illo.
699 2592 752 2661 Sic
775 2595 995 2676 intelligimus
1020 2595 1182 2678 quomodo
1206 2598 1324 2677 postea
1335 2596 1477 2662 Christus

342 2703 395 2769 1111
426 2704 565 2769 evadere
595 2704 758 2786 potuerit,
795 2720 896 2785 quem
926 2703 1035 2767 Lucas
1059 2702 1154 2767 novit
1182 2704 1238 2784 10,
1264 2703 1412 2786 38-42,
1431 2703 1478 2769 ille

341 2811 383 2876 ad
404 2810 500 2876 cuius
521 2810 623 2891 pedes
645 2811 770 2876 assedit
793 2810 908 2875 Maria.

387 2916 451 2982 Sed
485 2916 636 2982 amabilis
669 2917 779 2996 imago
811 2918 877 2981 cito
906 2916 1047 2999 transit,
1080 2916 1135 2980 vel
1168 2917 1258 2981 certe
1279 2916 1387 2983 aliena
1409 2934 1477 2983 mox

341 3023 578 3088 admiscentur.
607 3023 685 3088 Stat
720 3040 828 3103 agnus
863 3027 1026 3105 tauquam
1050 3022 1195 3105 occisus,
1220 3022 1349 3089 haberis
1369 3040 1478 3091 cornua

342 3132 472 3210 septem
499 3133 534 3194 et
557 3129 667 3196 oculos
695 3132 843 3212 septem;
868 3130 956 3194 idem
980 3130 1033 3194 ille
1059 3145 1167 3208 agnus
1192 3133 1245 3195 est
1268 3130 1318 3195 leo
1338 3132 1378 3196 de
1400 3130 1478 3195 tribu

342 3235 445 3317 luda,
466 3236 562 3300 radix
579 3234 696 3301 David.
719 3232 796 3301 Stat
814 3237 850 3301 in
871 3235 979 3301 medio
1000 3235 1113 3300 throni
1133 3238 1169 3299 et
1188 3235 1309 3317 accipit
1321 3236 1436 3302 librum
1448 3234 1476 3315 ²);

342 3342 450 3423 aperit
482 3360 590 3406 unum
624 3343 664 3409 de
697 3344 839 3424 septem.
866 3342 982 3421 sigillis
997 3345 1034 3423 3);
1069 3342 1119 3406 ira
1154 3341 1244 3420 Agni
1272 3342 1478 3413 formidamen

343 3450 397 3514 est
407 3441 442 3529 4);
477 3448 634 3514 lavantur
665 3449 770 3514 stolae
806 3452 842 3514 et
872 3449 1071 3515 dealbantur
1101 3448 1136 3512 in
1170 3448 1476 3528 1111311111113115),ι

344 3556 463 3634 Agnus
486 3554 558 3635 ipse
580 3558 694 3635 pastor
717 3556 757 3619 fit
769 3555 807 3639 1);
832 3557 903 3619 stat
926 3571 1025 3635 super
1047 3556 1198 3619 montem
1222 3550 1301 3619 Sion
1323 3573 1398 3620 curn
1416 3569 1476 3618 oen-

342 3665 419 3726 tum
450 3660 669 3742 quadraginta
703 3664 847 3741 quatuor
870 3660 1036 3741 millibus,
1060 3660 1263 3725 habentibus
1286 3658 1475 3726 1111111111-

343 3769 406 3833 tris
441 3768 547 3848 ipsius
582 3768 743 3849 scriptum
775 3768 811 3831 111
842 3767 1009 3833 irentibus
1044 3768 1115 3832 suis
1128 3766 1165 3850 ⁷);
1190 3766 1328 3847 quinam
1351 3765 1476 3845 denique
