<?xml version="1.0" encoding="UTF-8"?>
<!DOCTYPE html PUBLIC "-//W3C//DTD XHTML 1.0 Transitional//EN"
    "http://www.w3.org/TR/xhtml1/DTD/xhtml1-transitional.dtd">
<html xmlns="http://www.w3.org/1999/xhtml" xml:lang="en" lang="en">
 <head>
  <title>
</title>
<meta http-equiv="Content-Type" content="text/html;charset=utf-8" />
  <meta name='ocr-system' content='tesseract 3.04.00' />
  <meta name='ocr-capabilities' content='ocr_page ocr_carea ocr_par ocr_line ocrx_word'/>
</head>
<body>
  <div class='ocr_page' id='page_1' title='image "./verisimilialace00nabegoog_0034.png"; bbox 0 0 3192 5325; ppageno 0'>
   <div class='ocr_carea' id='block_1_1' title="bbox 863 563 905 626">
    <p class='ocr_par' dir='ltr' id='par_1_1' title="bbox 863 563 905 626">
     <span class='ocr_line' id='line_1_1' title="bbox 863 563 905 626; baseline 0 0"><span class='ocrx_word' id='word_1_1' title='bbox 863 563 905 626; x_wconf 91' lang='lat'>10</span> 
     </span>
    </p>
   </div>
   <div class='ocr_carea' id='block_1_2' title="bbox 305 719 1462 1040">
    <p class='ocr_par' dir='ltr' id='par_1_2' title="bbox 305 719 1462 1040">
     <span class='ocr_line' id='line_1_2' title="bbox 307 719 1462 828; baseline 0.004 -23"><span class='ocrx_word' id='word_1_2' title='bbox 307 741 458 807; x_wconf 87' lang='lat' dir='ltr'>minatur</span> <span class='ocrx_word' id='word_1_3' title='bbox 483 745 561 826; x_wconf 81' lang='lat' dir='ltr'>poet</span> <span class='ocrx_word' id='word_1_4' title='bbox 595 745 814 826; x_wconf 80' lang='lat' dir='ltr'><strong>Apostolum,</strong></span> <span class='ocrx_word' id='word_1_5' title='bbox 846 719 998 826; x_wconf 83' lang='lat' dir='ltr'>exemplo</span> <span class='ocrx_word' id='word_1_6' title='bbox 1029 761 1104 812; x_wconf 86' lang='lat' dir='ltr'>esse</span> <span class='ocrx_word' id='word_1_7' title='bbox 1135 748 1262 827; x_wconf 87' lang='lat' dir='ltr'>potest,</span> <span class='ocrx_word' id='word_1_8' title='bbox 1296 744 1462 828; x_wconf 89' lang='lat' dir='ltr'>quomodo</span> 
     </span>
     <span class='ocr_line' id='line_1_3' title="bbox 305 848 1462 932; baseline 0.004 -21"><span class='ocrx_word' id='word_1_9' title='bbox 305 848 447 913; x_wconf 88' lang='lat' dir='ltr'>verbum</span> <span class='ocrx_word' id='word_1_10' title='bbox 477 850 624 932; x_wconf 88' lang='lat' dir='ltr'>accipere</span> <span class='ocrx_word' id='word_1_11' title='bbox 652 851 842 916; x_wconf 80' lang='lat' dir='ltr'>debeamus.</span> <span class='ocrx_word' id='word_1_12' title='bbox 867 851 974 932; x_wconf 76' lang='lat' dir='ltr'>Quam</span> <span class='ocrx_word' id='word_1_13' title='bbox 996 851 1189 932; x_wconf 90' lang='lat' dir='ltr'>importuno</span> <span class='ocrx_word' id='word_1_14' title='bbox 1212 852 1281 918; x_wconf 89' lang='lat' dir='ltr'>loco</span> <span class='ocrx_word' id='word_1_15' title='bbox 1303 853 1462 932; x_wconf 87' lang='lat' dir='ltr'>legantur</span> 
     </span>
     <span class='ocr_line' id='line_1_4' title="bbox 305 954 1460 1040; baseline 0.005 -23"><span class='ocrx_word' id='word_1_16' title='bbox 305 954 342 1036; x_wconf 82' lang='lat'>2,</span> <span class='ocrx_word' id='word_1_17' title='bbox 369 955 511 1037; x_wconf 73' lang='lat'>2-132,</span> <span class='ocrx_word' id='word_1_18' title='bbox 538 973 639 1038; x_wconf 87' lang='lat' dir='ltr'>supra</span> <span class='ocrx_word' id='word_1_19' title='bbox 660 958 731 1039; x_wconf 88' lang='lat' dir='ltr'>jam</span> <span class='ocrx_word' id='word_1_20' title='bbox 755 957 885 1022; x_wconf 89' lang='lat' dir='ltr'>dictum</span> <span class='ocrx_word' id='word_1_21' title='bbox 912 957 994 1040; x_wconf 76' lang='lat' dir='ltr'>brit,</span> <span class='ocrx_word' id='word_1_22' title='bbox 1021 959 1079 1024; x_wconf 88' lang='lat' dir='ltr'>sed</span> <span class='ocrx_word' id='word_1_23' title='bbox 1103 974 1145 1024; x_wconf 86' lang='lat' dir='ltr'>ne</span> <span class='ocrx_word' id='word_1_24' title='bbox 1168 958 1203 1022; x_wconf 90' lang='lat' dir='ltr'>in</span> <span class='ocrx_word' id='word_1_25' title='bbox 1227 958 1301 1039; x_wconf 90' lang='lat' dir='ltr'>ipsa</span> <span class='ocrx_word' id='word_1_26' title='bbox 1323 959 1460 1039; x_wconf 86' lang='lat' dir='ltr'>quidem</span> 
     </span>
    </p>
   </div>
   <div class='ocr_carea' id='block_1_3' title="bbox 304 1060 1595 1464">
    <p class='ocr_par' dir='ltr' id='par_1_3' title="bbox 304 1060 1595 1464">
     <span class='ocr_line' id='line_1_5' title="bbox 305 1060 1595 1154; baseline 0.006 -31"><span class='ocrx_word' id='word_1_27' title='bbox 305 1060 380 1124; x_wconf 89' lang='lat' dir='ltr'>tarn</span> <span class='ocrx_word' id='word_1_28' title='bbox 399 1062 492 1126; x_wconf 85' lang='lat' dir='ltr'>brevi</span> <span class='ocrx_word' id='word_1_29' title='bbox 513 1063 661 1144; x_wconf 82' lang='lat' dir='ltr'>pericope</span> <span class='ocrx_word' id='word_1_30' title='bbox 681 1063 794 1128; x_wconf 91' lang='lat' dir='ltr'>omnia</span> <span class='ocrx_word' id='word_1_31' title='bbox 813 1067 902 1128; x_wconf 90' lang='lat' dir='ltr'>recte</span> <span class='ocrx_word' id='word_1_32' title='bbox 923 1064 1111 1130; x_wconf 82' lang='lat' dir='ltr'>cohaerent.</span> <span class='ocrx_word' id='word_1_33' title='bbox 1136 1063 1251 1130; x_wconf 89' lang='lat' dir='ltr'>Veluti</span> <span class='ocrx_word' id='word_1_34' title='bbox 1270 1064 1461 1147; x_wconf 73' lang='lat' dir='ltr'>coniunctio</span> <span class='ocrx_word' id='word_1_35' title='bbox 1594 1109 1595 1154; x_wconf 79' lang='grc'>,</span> 
     </span>
     <span class='ocr_line' id='line_1_6' title="bbox 306 1166 1459 1252; baseline 0.008 -25"><span class='ocrx_word' id='word_1_36' title='bbox 306 1166 370 1243; x_wconf 70' lang='grc' dir='ltr'>γάρ</span> <span class='ocrx_word' id='word_1_37' title='bbox 402 1184 454 1233; x_wconf 90' lang='grc' dir='ltr'><strong><em>νε.</em></strong></span> <span class='ocrx_word' id='word_1_38' title='bbox 479 1168 500 1232; x_wconf 87' lang='grc'><strong>3</strong></span> <span class='ocrx_word' id='word_1_39' title='bbox 524 1169 616 1234; x_wconf 91' lang='lat' dir='ltr'>omni</span> <span class='ocrx_word' id='word_1_40' title='bbox 640 1170 675 1234; x_wconf 85' lang='lat' dir='ltr'>vi</span> <span class='ocrx_word' id='word_1_41' title='bbox 699 1169 865 1235; x_wconf 87' lang='lat' dir='ltr'>destituta</span> <span class='ocrx_word' id='word_1_42' title='bbox 887 1173 960 1236; x_wconf 87' lang='lat' dir='ltr'>ost:</span> <span class='ocrx_word' id='word_1_43' title='bbox 985 1170 1141 1235; x_wconf 87' lang='lat' dir='ltr'>fiduciam</span> <span class='ocrx_word' id='word_1_44' title='bbox 1165 1171 1346 1236; x_wconf 81' lang='lat' dir='ltr'><strong>habuimus</strong></span> <span class='ocrx_word' id='word_1_45' title='bbox 1368 1170 1459 1252; x_wconf 88' lang='lat' dir='ltr'>loqui</span> 
     </span>
     <span class='ocr_line' id='line_1_7' title="bbox 304 1272 1595 1359; baseline 0.006 -23"><span class='ocrx_word' id='word_1_46' title='bbox 304 1272 343 1337; x_wconf 90' lang='lat' dir='ltr'>ad</span> <span class='ocrx_word' id='word_1_47' title='bbox 370 1291 450 1355; x_wconf 80' lang='lat' dir='ltr'>vos3</span> <span class='ocrx_word' id='word_1_48' title='bbox 475 1276 665 1341; x_wconf 78' lang='lat' dir='ltr'>exhortatio</span> <span class='ocrx_word' id='word_1_49' title='bbox 688 1278 778 1340; x_wconf 79' lang='lat' dir='ltr'>caira</span> <span class='ocrx_word' id='word_1_50' title='bbox 800 1279 915 1342; x_wconf 85' lang='lat' dir='ltr'>nostra</span> <span class='ocrx_word' id='word_1_51' title='bbox 939 1278 1071 1343; x_wconf 90' lang='lat' dir='ltr'>nonde</span> <span class='ocrx_word' id='word_1_52' title='bbox 1095 1292 1221 1359; x_wconf 89' lang='lat' dir='ltr'>errore,</span> <span class='ocrx_word' id='word_1_53' title='bbox 1245 1278 1297 1340; x_wconf 81' lang='grc' dir='ltr'>οὐκ</span> <span class='ocrx_word' id='word_1_54' title='bbox 1318 1277 1351 1340; x_wconf 81' lang='grc' dir='ltr'>ἐκ</span> <span class='ocrx_word' id='word_1_55' title='bbox 1370 1273 1458 1340; x_wconf 70' lang='lat' dir='ltr'>raot-</span> <span class='ocrx_word' id='word_1_56' title='bbox 1594 1341 1595 1344; x_wconf 74' lang='grc'>,</span> 
     </span>
     <span class='ocr_line' id='line_1_8' title="bbox 305 1381 1594 1464; baseline 0.002 -14"><span class='ocrx_word' id='word_1_57' title='bbox 305 1398 375 1450; x_wconf 75' lang='lat' dir='ltr'>rur:</span> <span class='ocrx_word' id='word_1_58' title='bbox 400 1382 495 1461; x_wconf 88' lang='lat' dir='ltr'>quasi</span> <span class='ocrx_word' id='word_1_59' title='bbox 519 1382 815 1464; x_wconf 89' lang='lat' dir='ltr'>pseudoprophetis</span> <span class='ocrx_word' id='word_1_60' title='bbox 838 1382 958 1447; x_wconf 90' lang='lat' dir='ltr'>fiducia</span> <span class='ocrx_word' id='word_1_61' title='bbox 986 1383 1101 1448; x_wconf 82' lang='lat' dir='ltr'>deesse</span> <span class='ocrx_word' id='word_1_62' title='bbox 1126 1381 1239 1448; x_wconf 88' lang='lat' dir='ltr'>soleat.</span> <span class='ocrx_word' id='word_1_63' title='bbox 1264 1383 1324 1449; x_wconf 89' lang='lat' dir='ltr'>Vs.</span> <span class='ocrx_word' id='word_1_64' title='bbox 1350 1385 1459 1448; x_wconf 78' lang='lat' dir='ltr'>bnon</span> <span class='ocrx_word' id='word_1_65' title='bbox 1593 1437 1594 1452; x_wconf 74' lang='lat'>.</span> 
     </span>
    </p>
   </div>
   <div class='ocr_carea' id='block_1_4' title="bbox 192 1473 1594 1570">
    <p class='ocr_par' dir='ltr' id='par_1_4' title="bbox 192 1473 1594 1570">
     <span class='ocr_line' id='line_1_9' title="bbox 192 1473 1594 1570; baseline 0.002 -21"><span class='ocrx_word' id='word_1_66' title='bbox 192 1473 195 1481; x_wconf 80' lang='grc'>’</span> <span class='ocrx_word' id='word_1_67' title='bbox 305 1485 502 1552; x_wconf 89' lang='lat' dir='ltr'>debuissent</span> <span class='ocrx_word' id='word_1_68' title='bbox 524 1490 681 1570; x_wconf 84' lang='lat' dir='ltr'>conjungi</span> <span class='ocrx_word' id='word_1_69' title='bbox 704 1490 800 1559; x_wconf 74' lang='grc' dir='ltr'><em>καθὼς</em></span> <span class='ocrx_word' id='word_1_70' title='bbox 826 1485 930 1552; x_wconf 73' lang='grc' dir='ltr'><strong><em>οἵδοοοε</em></strong></span> <span class='ocrx_word' id='word_1_71' title='bbox 951 1492 986 1554; x_wconf 91' lang='lat' dir='ltr'>et</span> <span class='ocrx_word' id='word_1_72' title='bbox 1008 1487 1071 1560; x_wconf 72' lang='grc' dir='ltr'><strong><em>θεὸς</em></strong></span> <span class='ocrx_word' id='word_1_73' title='bbox 1092 1486 1222 1565; x_wconf 80' lang='grc' dir='ltr'><strong><em>μοὶοοοο.</em></strong></span> <span class='ocrx_word' id='word_1_74' title='bbox 1246 1489 1355 1554; x_wconf 88' lang='lat' dir='ltr'>Deum</span> <span class='ocrx_word' id='word_1_75' title='bbox 1366 1489 1459 1554; x_wconf 91' lang='lat' dir='ltr'>enim</span> <span class='ocrx_word' id='word_1_76' title='bbox 1593 1521 1594 1552; x_wconf 56' lang='grc'><em>;</em></span> 
     </span>
    </p>
   </div>
   <div class='ocr_carea' id='block_1_5' title="bbox 305 1593 1457 1688">
    <p class='ocr_par' dir='ltr' id='par_1_5' title="bbox 305 1593 1595 1688">
     <span class='ocr_line' id='line_1_10' title="bbox 305 1593 1457 1688; baseline 0.003 -32"><span class='ocrx_word' id='word_1_77' title='bbox 305 1594 430 1657; x_wconf 86' lang='lat' dir='ltr'>testem</span> <span class='ocrx_word' id='word_1_78' title='bbox 460 1593 663 1660; x_wconf 87' lang='lat' dir='ltr'>advocamus</span> <span class='ocrx_word' id='word_1_79' title='bbox 680 1612 808 1676; x_wconf 73' lang='lat' dir='ltr'>¹earum</span> <span class='ocrx_word' id='word_1_80' title='bbox 835 1611 963 1688; x_wconf 82' lang='lat' dir='ltr'>rerum,</span> <span class='ocrx_word' id='word_1_81' title='bbox 990 1611 1133 1676; x_wconf 90' lang='lat' dir='ltr'>quarum</span> <span class='ocrx_word' id='word_1_82' title='bbox 1155 1595 1241 1660; x_wconf 90' lang='lat' dir='ltr'>alius</span> <span class='ocrx_word' id='word_1_83' title='bbox 1266 1595 1364 1660; x_wconf 88' lang='lat' dir='ltr'>testis</span> <span class='ocrx_word' id='word_1_84' title='bbox 1386 1611 1457 1659; x_wconf 93' lang='lat' dir='ltr'>non</span> 
     </span>
    </p>
   </div>
   <div class='ocr_carea' id='block_1_6' title="bbox 303 1698 1594 1889">
    <p class='ocr_par' dir='ltr' id='par_1_6' title="bbox 303 1698 1594 1889">
     <span class='ocr_line' id='line_1_11' title="bbox 303 1698 1594 1783; baseline -0.001 -20"><span class='ocrx_word' id='word_1_85' title='bbox 303 1701 367 1763; x_wconf 71' lang='lat' dir='ltr'>esd.</span> <span class='ocrx_word' id='word_1_86' title='bbox 393 1700 453 1765; x_wconf 82' lang='lat' dir='ltr'>VS.</span> <span class='ocrx_word' id='word_1_87' title='bbox 478 1702 498 1764; x_wconf 87' lang='grc'><strong>6</strong></span> <span class='ocrx_word' id='word_1_88' title='bbox 519 1700 549 1762; x_wconf 81' lang='grc' dir='ltr'>ἒν</span> <span class='ocrx_word' id='word_1_89' title='bbox 571 1701 724 1780; x_wconf 72' lang='grc' dir='ltr'><strong><em>προφάσει</em></strong></span> <span class='ocrx_word' id='word_1_90' title='bbox 744 1698 943 1783; x_wconf 74' lang='grc' dir='ltr'>πλεονεξίας,</span> <span class='ocrx_word' id='word_1_91' title='bbox 966 1703 1023 1767; x_wconf 76' lang='lat' dir='ltr'>sed</span> <span class='ocrx_word' id='word_1_92' title='bbox 1045 1701 1074 1764; x_wconf 79' lang='grc' dir='ltr'>ἕν</span> <span class='ocrx_word' id='word_1_93' title='bbox 1097 1719 1152 1768; x_wconf 89' lang='grc'>0111</span> <span class='ocrx_word' id='word_1_94' title='bbox 1170 1703 1205 1766; x_wconf 87' lang='lat' dir='ltr'>in</span> <span class='ocrx_word' id='word_1_95' title='bbox 1226 1701 1342 1768; x_wconf 75' lang='lat' dir='ltr'>Codice</span> <span class='ocrx_word' id='word_1_96' title='bbox 1362 1702 1453 1782; x_wconf 70' lang='lat' dir='ltr'>Vah,</span> <span class='ocrx_word' id='word_1_97' title='bbox 1593 1753 1594 1762; x_wconf 70' lang='grc'>,</span> 
     </span>
     <span class='ocr_line' id='line_1_12' title="bbox 306 1803 1594 1889; baseline -0.001 -20"><span class='ocrx_word' id='word_1_98' title='bbox 306 1804 483 1871; x_wconf 85' lang='lat' dir='ltr'>difficulter</span> <span class='ocrx_word' id='word_1_99' title='bbox 513 1808 699 1889; x_wconf 90' lang='lat' dir='ltr'>explicatur</span> <span class='ocrx_word' id='word_1_100' title='bbox 733 1812 768 1874; x_wconf 89' lang='lat' dir='ltr'>et</span> <span class='ocrx_word' id='word_1_101' title='bbox 799 1807 958 1881; x_wconf 70' lang='grc' dir='ltr'><strong><em>δυνάμενοι</em></strong></span> <span class='ocrx_word' id='word_1_102' title='bbox 990 1808 1019 1871; x_wconf 73' lang='lat' dir='ltr'>lv</span> <span class='ocrx_word' id='word_1_103' title='bbox 1044 1806 1136 1884; x_wconf 75' lang='grc' dir='ltr'><strong><em>βοὲρει</em></strong></span> <span class='ocrx_word' id='word_1_104' title='bbox 1162 1803 1238 1871; x_wconf 81' lang='grc' dir='ltr'><strong><em>εἶιοι</em></strong></span> <span class='ocrx_word' id='word_1_105' title='bbox 1264 1826 1330 1874; x_wconf 92' lang='lat' dir='ltr'>non</span> <span class='ocrx_word' id='word_1_106' title='bbox 1353 1808 1457 1872; x_wconf 86' lang='lat' dir='ltr'>habet</span> <span class='ocrx_word' id='word_1_107' title='bbox 1593 1851 1594 1868; x_wconf 68' lang='lat'>.</span> 
     </span>
    </p>
   </div>
   <div class='ocr_carea' id='block_1_7' title="bbox 258 1913 1455 1996">
    <p class='ocr_par' dir='ltr' id='par_1_7' title="bbox 258 1913 1595 2010">
     <span class='ocr_line' id='line_1_13' title="bbox 258 1913 1455 1996; baseline -0.005 -14"><span class='ocrx_word' id='word_1_108' title='bbox 258 1938 260 1943; x_wconf 93' lang='lat'>·</span> <span class='ocrx_word' id='word_1_109' title='bbox 305 1928 369 1991; x_wconf 85' lang='lat' dir='ltr'>quo</span> <span class='ocrx_word' id='word_1_110' title='bbox 404 1913 580 1993; x_wconf 88' lang='lat' dir='ltr'>pertineat.</span> <span class='ocrx_word' id='word_1_111' title='bbox 611 1915 661 1980; x_wconf 87' lang='lat' dir='ltr'>No</span> <span class='ocrx_word' id='word_1_112' title='bbox 692 1917 805 1995; x_wconf 90' lang='lat' dir='ltr'>ipsum</span> <span class='ocrx_word' id='word_1_113' title='bbox 835 1916 969 1996; x_wconf 91' lang='lat' dir='ltr'>quidem</span> <span class='ocrx_word' id='word_1_114' title='bbox 1000 1932 1036 1980; x_wconf 89' lang='lat' dir='ltr'>se</span> <span class='ocrx_word' id='word_1_115' title='bbox 1062 1914 1218 1994; x_wconf 84' lang='lat' dir='ltr'>intelligit</span> <span class='ocrx_word' id='word_1_116' title='bbox 1241 1915 1298 1996; x_wconf 87' lang='lat' dir='ltr'>qui</span> <span class='ocrx_word' id='word_1_117' title='bbox 1322 1914 1455 1979; x_wconf 89' lang='lat' dir='ltr'>scribit:</span> 
     </span>
    </p>
   </div>
   <div class='ocr_carea' id='block_1_8' title="bbox 303 2019 1454 2103">
    <p class='ocr_par' dir='ltr' id='par_1_8' title="bbox 303 2019 1454 2103">
     <span class='ocr_line' id='line_1_14' title="bbox 303 2019 1454 2103; baseline 0.003 -22"><span class='ocrx_word' id='word_1_118' title='bbox 303 2020 356 2082; x_wconf 86' lang='lat' dir='ltr'>est</span> <span class='ocrx_word' id='word_1_119' title='bbox 383 2035 404 2082; x_wconf 86' lang='lat' dir='ltr'>a</span> <span class='ocrx_word' id='word_1_120' title='bbox 432 2035 485 2084; x_wconf 91' lang='lat' dir='ltr'>me</span> <span class='ocrx_word' id='word_1_121' title='bbox 514 2019 623 2086; x_wconf 90' lang='lat' dir='ltr'>aliena</span> <span class='ocrx_word' id='word_1_122' title='bbox 653 2023 763 2087; x_wconf 90' lang='lat' dir='ltr'>omnis</span> <span class='ocrx_word' id='word_1_123' title='bbox 793 2022 954 2103; x_wconf 83' lang='lat' dir='ltr'>adulatio,</span> <span class='ocrx_word' id='word_1_124' title='bbox 987 2023 1062 2087; x_wconf 92' lang='lat' dir='ltr'>nolo</span> <span class='ocrx_word' id='word_1_125' title='bbox 1085 2021 1277 2087; x_wconf 89' lang='lat' dir='ltr'>hominibus</span> <span class='ocrx_word' id='word_1_126' title='bbox 1308 2021 1454 2101; x_wconf 88' lang='lat' dir='ltr'>placere,</span> 
     </span>
    </p>
   </div>
   <div class='ocr_carea' id='block_1_9' title="bbox 305 2126 1455 2209">
    <p class='ocr_par' dir='ltr' id='par_1_9' title="bbox 305 2100 1595 2220">
     <span class='ocr_line' id='line_1_15' title="bbox 305 2126 1455 2209; baseline -0.035 18"><span class='ocrx_word' id='word_1_127' title='bbox 305 2143 510 2206; x_wconf 63' lang='lat' dir='ltr'><strong><em>quamquam</em></strong></span> <span class='ocrx_word' id='word_1_128' title='bbox 533 2128 624 2193; x_wconf 51' lang='lat'>0110&amp;</span> <span class='ocrx_word' id='word_1_129' title='bbox 649 2145 783 2209; x_wconf 85' lang='lat' dir='ltr'>possem</span> <span class='ocrx_word' id='word_1_130' title='bbox 806 2145 890 2194; x_wconf 75' lang='lat' dir='ltr'>esse.</span> <span class='ocrx_word' id='word_1_131' title='bbox 915 2129 1021 2194; x_wconf 85' lang='lat' dir='ltr'>Vs8</span> <span class='ocrx_word' id='word_1_132' title='bbox 1058 2127 1152 2193; x_wconf 89' lang='lat' dir='ltr'>nihili</span> <span class='ocrx_word' id='word_1_133' title='bbox 1175 2130 1229 2191; x_wconf 89' lang='lat' dir='ltr'>est</span> <span class='ocrx_word' id='word_1_134' title='bbox 1252 2126 1455 2191; x_wconf 89' lang='lat' dir='ltr'>vocabulum</span> 
     </span>
    </p>
   </div>
   <div class='ocr_carea' id='block_1_10' title="bbox 304 2229 1454 2316">
    <p class='ocr_par' dir='ltr' id='par_1_10' title="bbox 304 2229 1454 2316">
     <span class='ocr_line' id='line_1_16' title="bbox 304 2229 1454 2316; baseline 0.003 -24"><span class='ocrx_word' id='word_1_135' title='bbox 304 2229 503 2316; x_wconf 69' lang='grc' dir='ltr'><strong><em>ὀμειρόμενοι,</em></strong></span> <span class='ocrx_word' id='word_1_136' title='bbox 530 2250 677 2315; x_wconf 90' lang='lat' dir='ltr'>proquo</span> <span class='ocrx_word' id='word_1_137' title='bbox 703 2235 831 2299; x_wconf 84' lang='lat' dir='ltr'>frustra</span> <span class='ocrx_word' id='word_1_138' title='bbox 852 2235 1064 2315; x_wconf 90' lang='lat' dir='ltr'>suppositum</span> <span class='ocrx_word' id='word_1_139' title='bbox 1087 2234 1151 2298; x_wconf 85' lang='lat' dir='ltr'>fuit</span> <span class='ocrx_word' id='word_1_140' title='bbox 1175 2232 1367 2310; x_wconf 78' lang='grc' dir='ltr'><strong><em>ἱμειρόμειοι.</em></strong></span> <span class='ocrx_word' id='word_1_141' title='bbox 1392 2233 1454 2298; x_wconf 85' lang='lat' dir='ltr'>Vs.</span> 
     </span>
    </p>
   </div>
   <div class='ocr_carea' id='block_1_11' title="bbox 304 2337 1594 2423">
    <p class='ocr_par' dir='ltr' id='par_1_11' title="bbox 304 2337 1594 2423">
     <span class='ocr_line' id='line_1_17' title="bbox 304 2337 1594 2423; baseline 0.002 -23"><span class='ocrx_word' id='word_1_142' title='bbox 304 2339 325 2401; x_wconf 89' lang='lat'>9</span> <span class='ocrx_word' id='word_1_143' title='bbox 356 2338 416 2401; x_wconf 82' lang='lat' dir='ltr'>vix</span> <span class='ocrx_word' id='word_1_144' title='bbox 446 2337 580 2403; x_wconf 84' lang='lat' dir='ltr'>ferenda</span> <span class='ocrx_word' id='word_1_145' title='bbox 610 2341 821 2418; x_wconf 82' lang='lat' dir='ltr'>exaggeratio</span> <span class='ocrx_word' id='word_1_146' title='bbox 852 2342 919 2420; x_wconf 90' lang='lat' dir='ltr'>est,</span> <span class='ocrx_word' id='word_1_147' title='bbox 951 2357 1013 2416; x_wconf 82' lang='lat' dir='ltr'>pec</span> <span class='ocrx_word' id='word_1_148' title='bbox 1045 2337 1161 2423; x_wconf 88' lang='lat' dir='ltr'>Paulo,</span> <span class='ocrx_word' id='word_1_149' title='bbox 1187 2356 1288 2420; x_wconf 86' lang='lat' dir='ltr'>quern</span> <span class='ocrx_word' id='word_1_150' title='bbox 1312 2337 1456 2419; x_wconf 78' lang='lat' dir='ltr'>simplici</span> <span class='ocrx_word' id='word_1_151' title='bbox 1593 2343 1594 2350; x_wconf 78' lang='grc'>’</span> 
     </span>
    </p>
   </div>
   <div class='ocr_carea' id='block_1_12' title="bbox 303 2443 1453 2634">
    <p class='ocr_par' dir='ltr' id='par_1_12' title="bbox 303 2443 1453 2634">
     <span class='ocr_line' id='line_1_18' title="bbox 303 2443 1453 2526; baseline 0.002 -20"><span class='ocrx_word' id='word_1_152' title='bbox 303 2443 395 2507; x_wconf 82' lang='lat' dir='ltr'>vitae</span> <span class='ocrx_word' id='word_1_153' title='bbox 418 2460 538 2523; x_wconf 81' lang='lat' dir='ltr'>genere</span> <span class='ocrx_word' id='word_1_154' title='bbox 561 2447 759 2510; x_wconf 86' lang='lat' dir='ltr'>contentum</span> <span class='ocrx_word' id='word_1_155' title='bbox 783 2445 889 2511; x_wconf 84' lang='lat' dir='ltr'>fuisse</span> <span class='ocrx_word' id='word_1_156' title='bbox 912 2447 1092 2526; x_wconf 86' lang='lat' dir='ltr'>credimus,</span> <span class='ocrx_word' id='word_1_157' title='bbox 1121 2447 1223 2511; x_wconf 93' lang='lat' dir='ltr'>noctu</span> <span class='ocrx_word' id='word_1_158' title='bbox 1246 2447 1282 2509; x_wconf 92' lang='lat' dir='ltr'>et</span> <span class='ocrx_word' id='word_1_159' title='bbox 1306 2444 1453 2508; x_wconf 89' lang='lat' dir='ltr'>interdiu</span> 
     </span>
     <span class='ocr_line' id='line_1_19' title="bbox 303 2549 1451 2634; baseline 0.002 -21"><span class='ocrx_word' id='word_1_160' title='bbox 303 2549 563 2616; x_wconf 84' lang='lat' dir='ltr'>adlaborandum</span> <span class='ocrx_word' id='word_1_161' title='bbox 585 2551 650 2616; x_wconf 82' lang='lat' dir='ltr'>fuit</span> <span class='ocrx_word' id='word_1_162' title='bbox 672 2555 713 2615; x_wconf 91' lang='lat' dir='ltr'>ut</span> <span class='ocrx_word' id='word_1_163' title='bbox 736 2553 799 2616; x_wconf 89' lang='lat' dir='ltr'>sibi</span> <span class='ocrx_word' id='word_1_164' title='bbox 821 2553 951 2618; x_wconf 90' lang='lat' dir='ltr'>victum</span> <span class='ocrx_word' id='word_1_165' title='bbox 975 2556 1158 2634; x_wconf 90' lang='lat' dir='ltr'>quaereret.</span> <span class='ocrx_word' id='word_1_166' title='bbox 1183 2551 1308 2618; x_wconf 88' lang='lat' dir='ltr'>Deinde</span> <span class='ocrx_word' id='word_1_167' title='bbox 1332 2569 1383 2616; x_wconf 89' lang='grc' dir='ltr'><strong><em>νε.</em></strong></span> <span class='ocrx_word' id='word_1_168' title='bbox 1413 2553 1451 2615; x_wconf 90' lang='grc'>11</span> 
     </span>
    </p>
   </div>
   <div class='ocr_carea' id='block_1_13' title="bbox 302 2655 1455 3386">
    <p class='ocr_par' dir='ltr' id='par_1_13' title="bbox 302 2655 1454 2855">
     <span class='ocr_line' id='line_1_20' title="bbox 302 2655 1454 2742; baseline 0.003 -21"><span class='ocrx_word' id='word_1_169' title='bbox 302 2655 385 2721; x_wconf 90' lang='lat' dir='ltr'>scire</span> <span class='ocrx_word' id='word_1_170' title='bbox 421 2657 591 2741; x_wconf 86' lang='lat' dir='ltr'>cupimus,</span> <span class='ocrx_word' id='word_1_171' title='bbox 626 2659 757 2740; x_wconf 89' lang='lat' dir='ltr'>qualern</span> <span class='ocrx_word' id='word_1_172' title='bbox 787 2659 928 2740; x_wconf 86' lang='lat' dir='ltr'>scriptor</span> <span class='ocrx_word' id='word_1_173' title='bbox 956 2660 1027 2742; x_wconf 87' lang='lat' dir='ltr'>ipso</span> <span class='ocrx_word' id='word_1_174' title='bbox 1060 2678 1096 2726; x_wconf 91' lang='lat' dir='ltr'>se</span> <span class='ocrx_word' id='word_1_175' title='bbox 1132 2658 1354 2741; x_wconf 87' lang='lat' dir='ltr'>praestiterit,</span> <span class='ocrx_word' id='word_1_176' title='bbox 1385 2677 1454 2724; x_wconf 93' lang='lat' dir='ltr'>non</span> 
     </span>
     <span class='ocr_line' id='line_1_21' title="bbox 302 2754 1029 2855; baseline 0.006 -28"><span class='ocrx_word' id='word_1_177' title='bbox 302 2754 540 2844; x_wconf 79' lang='lat' dir='ltr'>quid‘aliis&#39;ut</span> <span class='ocrx_word' id='word_1_178' title='bbox 562 2765 710 2831; x_wconf 84' lang='lat' dir='ltr'>facerent</span> <span class='ocrx_word' id='word_1_179' title='bbox 732 2766 1029 2855; x_wconf 87' lang='lat' dir='ltr'>commendaverit.</span> 
     </span>
    </p>

    <p class='ocr_par' dir='ltr' id='par_1_14' title="bbox 303 2867 1455 3386">
     <span class='ocr_line' id='line_1_22' title="bbox 349 2867 1453 2953; baseline 0.001 -18"><span class='ocrx_word' id='word_1_180' title='bbox 349 2870 408 2935; x_wconf 92' lang='lat' dir='ltr'>Vs.</span> <span class='ocrx_word' id='word_1_181' title='bbox 443 2867 500 2935; x_wconf 85' lang='lat' dir='ltr'>13b</span> <span class='ocrx_word' id='word_1_182' title='bbox 530 2872 714 2936; x_wconf 88' lang='lat' dir='ltr'>resumitur</span> <span class='ocrx_word' id='word_1_183' title='bbox 745 2870 828 2952; x_wconf 89' lang='lat' dir='ltr'>tela,</span> <span class='ocrx_word' id='word_1_184' title='bbox 860 2889 945 2953; x_wconf 90' lang='lat' dir='ltr'>quae</span> <span class='ocrx_word' id='word_1_185' title='bbox 975 2890 1025 2938; x_wconf 92' lang='grc' dir='ltr'><strong><em>νε.</em></strong></span> <span class='ocrx_word' id='word_1_186' title='bbox 1059 2874 1078 2937; x_wconf 83' lang='grc'>2</span> <span class='ocrx_word' id='word_1_187' title='bbox 1108 2873 1303 2938; x_wconf 89' lang='lat' dir='ltr'>intermissa</span> <span class='ocrx_word' id='word_1_188' title='bbox 1333 2872 1453 2937; x_wconf 86' lang='lat' dir='ltr'>fuerat.</span> 
     </span>
     <span class='ocr_line' id='line_1_23' title="bbox 303 2975 1453 3059; baseline 0.003 -20"><span class='ocrx_word' id='word_1_189' title='bbox 303 2975 512 3057; x_wconf 84' lang='lat' dir='ltr'>Epitomator</span> <span class='ocrx_word' id='word_1_190' title='bbox 542 2979 582 3042; x_wconf 90' lang='lat' dir='ltr'>de</span> <span class='ocrx_word' id='word_1_191' title='bbox 613 2995 674 3042; x_wconf 93' lang='lat' dir='ltr'>suo</span> <span class='ocrx_word' id='word_1_192' title='bbox 704 2978 832 3043; x_wconf 90' lang='lat' dir='ltr'>addidit</span> <span class='ocrx_word' id='word_1_193' title='bbox 858 2979 933 3053; x_wconf 72' lang='lat'>13³,</span> <span class='ocrx_word' id='word_1_194' title='bbox 958 2996 1022 3059; x_wconf 90' lang='lat' dir='ltr'>quo</span> <span class='ocrx_word' id='word_1_195' title='bbox 1046 2978 1132 3044; x_wconf 87' lang='lat' dir='ltr'>male</span> <span class='ocrx_word' id='word_1_196' title='bbox 1156 2979 1311 3044; x_wconf 81' lang='lat' dir='ltr'>coeuntia</span> <span class='ocrx_word' id='word_1_197' title='bbox 1333 2978 1453 3043; x_wconf 86' lang='lat' dir='ltr'>melius</span> 
     </span>
     <span class='ocr_line' id='line_1_24' title="bbox 303 3083 1455 3169; baseline 0 -22"><span class='ocrx_word' id='word_1_198' title='bbox 303 3084 621 3163; x_wconf 81' lang='lat' dir='ltr'>conglutinarentur.</span> <span class='ocrx_word' id='word_1_199' title='bbox 653 3084 742 3148; x_wconf 90' lang='lat' dir='ltr'>Hinc</span> <span class='ocrx_word' id='word_1_200' title='bbox 773 3083 853 3150; x_wconf 89' lang='lat' dir='ltr'>illud</span> <span class='ocrx_word' id='word_1_201' title='bbox 886 3084 937 3146; x_wconf 75' lang='grc' dir='ltr'><strong><em>κοιὶ</em></strong></span> <span class='ocrx_word' id='word_1_202' title='bbox 970 3084 1019 3147; x_wconf 73' lang='lat' dir='ltr'>hd</span> <span class='ocrx_word' id='word_1_203' title='bbox 1051 3088 1154 3169; x_wconf 78' lang='grc' dir='ltr'><strong><em>τοῦτο,</em></strong></span> <span class='ocrx_word' id='word_1_204' title='bbox 1188 3083 1455 3167; x_wconf 64' lang='lat' dir='ltr'>conjunctioni</span> 
     </span>
     <span class='ocr_line' id='line_1_25' title="bbox 303 3190 1453 3273; baseline 0.001 -19"><span class='ocrx_word' id='word_1_205' title='bbox 303 3192 383 3254; x_wconf 89' lang='lat' dir='ltr'>ante</span> <span class='ocrx_word' id='word_1_206' title='bbox 418 3208 599 3271; x_wconf 89' lang='lat' dir='ltr'>pronomen</span> <span class='ocrx_word' id='word_1_207' title='bbox 636 3192 724 3263; x_wconf 73' lang='grc' dir='ltr'><strong><em>ἡμεῖς</em></strong></span> <span class='ocrx_word' id='word_1_208' title='bbox 761 3193 797 3255; x_wconf 90' lang='lat' dir='ltr'>et</span> <span class='ocrx_word' id='word_1_209' title='bbox 832 3191 975 3271; x_wconf 89' lang='lat' dir='ltr'>insipida</span> <span class='ocrx_word' id='word_1_210' title='bbox 1014 3191 1191 3273; x_wconf 87' lang='lat' dir='ltr'>hyperbole</span> <span class='ocrx_word' id='word_1_211' title='bbox 1226 3191 1263 3255; x_wconf 90' lang='lat' dir='ltr'>in</span> <span class='ocrx_word' id='word_1_212' title='bbox 1297 3190 1453 3257; x_wconf 85' lang='lat' dir='ltr'>adverbio</span> 
     </span>
     <span class='ocr_line' id='line_1_26' title="bbox 304 3295 1283 3386; baseline 0.003 -28"><span class='ocrx_word' id='word_1_213' title='bbox 304 3295 531 3378; x_wconf 63' lang='lat' dir='ltr'>dilacerarer,</span> <span class='ocrx_word' id='word_1_214' title='bbox 556 3298 643 3378; x_wconf 89' lang='lat' dir='ltr'>quod</span> <span class='ocrx_word' id='word_1_215' title='bbox 669 3300 795 3386; x_wconf 87' lang='lat' dir='ltr'>temere</span> <span class='ocrx_word' id='word_1_216' title='bbox 820 3298 1024 3363; x_wconf 88' lang='lat' dir='ltr'>translatum</span> <span class='ocrx_word' id='word_1_217' title='bbox 1048 3301 1101 3363; x_wconf 82' lang='lat' dir='ltr'>est</span> <span class='ocrx_word' id='word_1_218' title='bbox 1125 3315 1167 3362; x_wconf 90' lang='lat' dir='ltr'>ex</span> <span class='ocrx_word' id='word_1_219' title='bbox 1193 3300 1226 3381; x_wconf 87' lang='lat'>1,</span> <span class='ocrx_word' id='word_1_220' title='bbox 1253 3297 1283 3362; x_wconf 88' lang='lat'>3.</span> 
     </span>
    </p>
   </div>
   <div class='ocr_carea' id='block_1_14' title="bbox 302 3402 1454 4653">
    <p class='ocr_par' dir='ltr' id='par_1_15' title="bbox 302 3402 1454 4437">
     <span class='ocr_line' id='line_1_27' title="bbox 349 3402 1454 3485; baseline 0 -18"><span class='ocrx_word' id='word_1_221' title='bbox 349 3403 454 3467; x_wconf 85' lang='lat' dir='ltr'>Multo</span> <span class='ocrx_word' id='word_1_222' title='bbox 470 3403 548 3484; x_wconf 90' lang='lat' dir='ltr'>plus</span> <span class='ocrx_word' id='word_1_223' title='bbox 571 3403 673 3469; x_wconf 85' lang='lat' dir='ltr'>refert</span> <span class='ocrx_word' id='word_1_224' title='bbox 692 3403 899 3469; x_wconf 89' lang='lat' dir='ltr'>considerare</span> <span class='ocrx_word' id='word_1_225' title='bbox 911 3405 1014 3469; x_wconf 83' lang='lat' dir='ltr'>verba</span> <span class='ocrx_word' id='word_1_226' title='bbox 1028 3405 1065 3485; x_wconf 79' lang='lat'>2,</span> <span class='ocrx_word' id='word_1_227' title='bbox 1085 3403 1142 3468; x_wconf 84' lang='lat' dir='ltr'>ld:</span> <span class='ocrx_word' id='word_1_228' title='bbox 1163 3410 1224 3471; x_wconf 80' lang='grc' dir='ltr'><strong><em>τοῖς</em></strong></span> <span class='ocrx_word' id='word_1_229' title='bbox 1245 3402 1355 3483; x_wconf 76' lang='grc' dir='ltr'><strong><em>ἔθνεσι,</em></strong></span> <span class='ocrx_word' id='word_1_230' title='bbox 1368 3419 1454 3483; x_wconf 88' lang='lat' dir='ltr'>qnae</span> 
     </span>
     <span class='ocr_line' id='line_1_28' title="bbox 303 3509 1451 3591; baseline 0 -18"><span class='ocrx_word' id='word_1_231' title='bbox 303 3509 364 3573; x_wconf 85' lang='lat' dir='ltr'>vix</span> <span class='ocrx_word' id='word_1_232' title='bbox 393 3510 581 3573; x_wconf 86' lang='lat' dir='ltr'>admittunt</span> <span class='ocrx_word' id='word_1_233' title='bbox 616 3526 736 3574; x_wconf 89' lang='lat' dir='ltr'>sanam</span> <span class='ocrx_word' id='word_1_234' title='bbox 768 3509 1035 3590; x_wconf 83' lang='lat' dir='ltr'>explicationem.</span> <span class='ocrx_word' id='word_1_235' title='bbox 1071 3510 1223 3575; x_wconf 84' lang='lat' dir='ltr'>Efficitur</span> <span class='ocrx_word' id='word_1_236' title='bbox 1249 3527 1292 3574; x_wconf 89' lang='lat' dir='ltr'>ex</span> <span class='ocrx_word' id='word_1_237' title='bbox 1314 3526 1367 3574; x_wconf 88' lang='lat' dir='ltr'>vs.</span> <span class='ocrx_word' id='word_1_238' title='bbox 1393 3510 1451 3591; x_wconf 84' lang='lat'>14,</span> 
     </span>
     <span class='ocr_line' id='line_1_29' title="bbox 303 3614 1454 3699; baseline -0.003 -19"><span class='ocrx_word' id='word_1_239' title='bbox 303 3615 445 3680; x_wconf 82' lang='lat' dir='ltr'>ludaeos</span> <span class='ocrx_word' id='word_1_240' title='bbox 474 3631 548 3679; x_wconf 92' lang='lat' dir='ltr'>esse</span> <span class='ocrx_word' id='word_1_241' title='bbox 571 3632 611 3681; x_wconf 90' lang='lat' dir='ltr'>ac</span> <span class='ocrx_word' id='word_1_242' title='bbox 634 3616 772 3681; x_wconf 85' lang='lat' dir='ltr'>minime</span> <span class='ocrx_word' id='word_1_243' title='bbox 796 3615 1004 3680; x_wconf 85' lang='lat' dir='ltr'>Christianos</span> <span class='ocrx_word' id='word_1_244' title='bbox 1027 3633 1071 3680; x_wconf 87' lang='lat' dir='ltr'>ex</span> <span class='ocrx_word' id='word_1_245' title='bbox 1094 3614 1246 3699; x_wconf 79' lang='lat' dir='ltr'>ludaeis,</span> <span class='ocrx_word' id='word_1_246' title='bbox 1268 3616 1325 3698; x_wconf 89' lang='lat' dir='ltr'>qui</span> <span class='ocrx_word' id='word_1_247' title='bbox 1345 3614 1454 3680; x_wconf 89' lang='lat' dir='ltr'>nolint</span> 
     </span>
     <span class='ocr_line' id='line_1_30' title="bbox 303 3717 1452 3803; baseline 0 -18"><span class='ocrx_word' id='word_1_248' title='bbox 303 3720 499 3802; x_wconf 71' lang='lat' dir='ltr'>scriptorem</span> <span class='ocrx_word' id='word_1_249' title='bbox 529 3727 591 3790; x_wconf 81' lang='grc' dir='ltr'>τοῖς</span> <span class='ocrx_word' id='word_1_250' title='bbox 628 3718 721 3783; x_wconf 80' lang='grc' dir='ltr'><strong><em>ἔθνεσι</em></strong></span> <span class='ocrx_word' id='word_1_251' title='bbox 748 3728 887 3785; x_wconf 74' lang='grc' dir='ltr'><strong><em>λαλῆσαι</em></strong></span> <span class='ocrx_word' id='word_1_252' title='bbox 913 3717 961 3783; x_wconf 80' lang='grc' dir='ltr'><strong><em>ἵοοο</em></strong></span> <span class='ocrx_word' id='word_1_253' title='bbox 986 3721 1126 3783; x_wconf 81' lang='grc' dir='ltr'><strong><em>σωθῶσιν.</em></strong></span> <span class='ocrx_word' id='word_1_254' title='bbox 1152 3722 1326 3802; x_wconf 75' lang='lat' dir='ltr'>Quodnam</span> <span class='ocrx_word' id='word_1_255' title='bbox 1350 3721 1452 3803; x_wconf 78' lang='lat' dir='ltr'>objec-</span> 
     </span>
     <span class='ocr_line' id='line_1_31' title="bbox 302 3826 1451 3909; baseline 0 -18"><span class='ocrx_word' id='word_1_256' title='bbox 302 3831 378 3891; x_wconf 88' lang='lat' dir='ltr'>tum</span> <span class='ocrx_word' id='word_1_257' title='bbox 405 3844 479 3891; x_wconf 89' lang='lat' dir='ltr'>esse</span> <span class='ocrx_word' id='word_1_258' title='bbox 506 3830 617 3909; x_wconf 86' lang='lat' dir='ltr'>potest</span> <span class='ocrx_word' id='word_1_259' title='bbox 648 3827 748 3893; x_wconf 89' lang='lat' dir='ltr'>huius</span> <span class='ocrx_word' id='word_1_260' title='bbox 772 3828 866 3893; x_wconf 89' lang='lat' dir='ltr'>verbi</span> <span class='ocrx_word' id='word_1_261' title='bbox 890 3832 1029 3898; x_wconf 70' lang='grc' dir='ltr'><strong><em>ιοιῆοοοι</em></strong></span> <span class='ocrx_word' id='word_1_262' title='bbox 1053 3830 1185 3909; x_wconf 89' lang='lat' dir='ltr'>praeter</span> <span class='ocrx_word' id='word_1_263' title='bbox 1208 3828 1321 3909; x_wconf 91' lang='lat' dir='ltr'>ipsum</span> <span class='ocrx_word' id='word_1_264' title='bbox 1345 3826 1451 3892; x_wconf 83' lang='lat' dir='ltr'>Chris·</span> 
     </span>
     <span class='ocr_line' id='line_1_32' title="bbox 303 3928 1450 4016; baseline 0 -19"><span class='ocrx_word' id='word_1_265' title='bbox 303 3934 404 3997; x_wconf 76' lang='lat' dir='ltr'>tum?</span> <span class='ocrx_word' id='word_1_266' title='bbox 428 3930 688 3999; x_wconf 78' lang='lat' dir='ltr'>Credideruntne</span> <span class='ocrx_word' id='word_1_267' title='bbox 708 3928 810 4013; x_wconf 85' lang='lat' dir='ltr'>igitur</span> <span class='ocrx_word' id='word_1_268' title='bbox 822 3934 948 4016; x_wconf 86' lang='lat' dir='ltr'>ludaei,</span> <span class='ocrx_word' id='word_1_269' title='bbox 965 3934 1076 3999; x_wconf 84' lang='lat' dir='ltr'>salvos</span> <span class='ocrx_word' id='word_1_270' title='bbox 1088 3950 1162 3999; x_wconf 87' lang='lat' dir='ltr'>esse</span> <span class='ocrx_word' id='word_1_271' title='bbox 1174 3949 1271 4014; x_wconf 89' lang='lat' dir='ltr'>posse</span> <span class='ocrx_word' id='word_1_272' title='bbox 1284 3933 1450 4015; x_wconf 79' lang='lat' dir='ltr'>Gentiles,</span> 
     </span>
     <span class='ocr_line' id='line_1_33' title="bbox 303 4039 1450 4121; baseline 0 -17"><span class='ocrx_word' id='word_1_273' title='bbox 303 4040 482 4104; x_wconf 91' lang='lat' dir='ltr'>dummodo</span> <span class='ocrx_word' id='word_1_274' title='bbox 502 4039 627 4105; x_wconf 80' lang='lat' dir='ltr'>Christi</span> <span class='ocrx_word' id='word_1_275' title='bbox 639 4040 861 4119; x_wconf 82' lang='lat' dir='ltr'>Evangelium</span> <span class='ocrx_word' id='word_1_276' title='bbox 881 4040 1188 4121; x_wconf 83' lang='lat' dir='ltr'>amplecterentur?</span> <span class='ocrx_word' id='word_1_277' title='bbox 1220 4040 1283 4121; x_wconf 78' lang='lat' dir='ltr'>Qui</span> <span class='ocrx_word' id='word_1_278' title='bbox 1302 4040 1365 4105; x_wconf 89' lang='lat' dir='ltr'>sibi</span> <span class='ocrx_word' id='word_1_279' title='bbox 1382 4056 1450 4120; x_wconf 91' lang='lat' dir='ltr'>per-</span> 
     </span>
     <span class='ocr_line' id='line_1_34' title="bbox 303 4145 1448 4227; baseline 0.003 -18"><span class='ocrx_word' id='word_1_280' title='bbox 303 4148 484 4210; x_wconf 87' lang='lat' dir='ltr'>suaserunt</span> <span class='ocrx_word' id='word_1_281' title='bbox 507 4146 593 4211; x_wconf 88' lang='lat' dir='ltr'>hanc</span> <span class='ocrx_word' id='word_1_282' title='bbox 615 4145 793 4226; x_wconf 87' lang='lat' dir='ltr'>epistulam</span> <span class='ocrx_word' id='word_1_283' title='bbox 816 4146 917 4210; x_wconf 89' lang='lat' dir='ltr'>unius</span> <span class='ocrx_word' id='word_1_284' title='bbox 940 4147 1154 4226; x_wconf 89' lang='lat' dir='ltr'>eiusdemque</span> <span class='ocrx_word' id='word_1_285' title='bbox 1175 4148 1345 4227; x_wconf 87' lang='lat' dir='ltr'>scriptoris</span> <span class='ocrx_word' id='word_1_286' title='bbox 1357 4164 1448 4227; x_wconf 87' lang='lat' dir='ltr'>esse,</span> 
     </span>
     <span class='ocr_line' id='line_1_35' title="bbox 303 4250 1451 4334; baseline 0.002 -19"><span class='ocrx_word' id='word_1_287' title='bbox 303 4250 362 4314; x_wconf 81' lang='lat' dir='ltr'>vix</span> <span class='ocrx_word' id='word_1_288' title='bbox 386 4252 530 4330; x_wconf 74' lang='lat' dir='ltr'>effligere</span> <span class='ocrx_word' id='word_1_289' title='bbox 551 4255 711 4334; x_wconf 88' lang='lat' dir='ltr'>poterunt</span> <span class='ocrx_word' id='word_1_290' title='bbox 737 4251 999 4330; x_wconf 83' lang='lat' dir='ltr'>conclusionem,</span> <span class='ocrx_word' id='word_1_291' title='bbox 1026 4269 1091 4333; x_wconf 91' lang='lat' dir='ltr'>qua</span> <span class='ocrx_word' id='word_1_292' title='bbox 1114 4252 1329 4317; x_wconf 82' lang='lat' dir='ltr'>devehuntur</span> <span class='ocrx_word' id='word_1_293' title='bbox 1352 4253 1393 4316; x_wconf 91' lang='lat' dir='ltr'>ad</span> <span class='ocrx_word' id='word_1_294' title='bbox 1416 4253 1451 4318; x_wconf 88' lang='lat' dir='ltr'>id</span> 
     </span>
     <span class='ocr_line' id='line_1_36' title="bbox 303 4356 604 4437; baseline -0.007 -17"><span class='ocrx_word' id='word_1_295' title='bbox 303 4356 389 4437; x_wconf 92' lang='lat' dir='ltr'>quod</span> <span class='ocrx_word' id='word_1_296' title='bbox 412 4357 604 4422; x_wconf 89' lang='lat' dir='ltr'>absurdum.</span> 
     </span>
    </p>

    <p class='ocr_par' dir='ltr' id='par_1_16' title="bbox 302 4463 1451 4653">
     <span class='ocr_line' id='line_1_37' title="bbox 348 4463 1451 4546; baseline 0.003 -18"><span class='ocrx_word' id='word_1_297' title='bbox 348 4464 417 4528; x_wconf 90' lang='lat' dir='ltr'>Nos</span> <span class='ocrx_word' id='word_1_298' title='bbox 451 4465 585 4545; x_wconf 90' lang='lat' dir='ltr'>quidem</span> <span class='ocrx_word' id='word_1_299' title='bbox 615 4463 735 4528; x_wconf 92' lang='lat' dir='ltr'>horum</span> <span class='ocrx_word' id='word_1_300' title='bbox 765 4463 849 4528; x_wconf 91' lang='lat' dir='ltr'>nihil</span> <span class='ocrx_word' id='word_1_301' title='bbox 871 4464 1049 4530; x_wconf 89' lang='lat' dir='ltr'>admodum</span> <span class='ocrx_word' id='word_1_302' title='bbox 1073 4482 1209 4531; x_wconf 89' lang='lat' dir='ltr'>movere</span> <span class='ocrx_word' id='word_1_303' title='bbox 1232 4465 1345 4546; x_wconf 88' lang='lat' dir='ltr'>dobet;</span> <span class='ocrx_word' id='word_1_304' title='bbox 1369 4483 1451 4531; x_wconf 91' lang='lat' dir='ltr'>nam</span> 
     </span>
     <span class='ocr_line' id='line_1_38' title="bbox 302 4570 1451 4653; baseline 0.004 -19"><span class='ocrx_word' id='word_1_305' title='bbox 302 4570 331 4634; x_wconf 91' lang='lat' dir='ltr'>si</span> <span class='ocrx_word' id='word_1_306' title='bbox 365 4586 480 4636; x_wconf 91' lang='lat' dir='ltr'>revera</span> <span class='ocrx_word' id='word_1_307' title='bbox 509 4570 604 4636; x_wconf 84' lang='lat' dir='ltr'>varia</span> <span class='ocrx_word' id='word_1_308' title='bbox 638 4573 796 4650; x_wconf 89' lang='lat' dir='ltr'>excerpta</span> <span class='ocrx_word' id='word_1_309' title='bbox 832 4570 1061 4653; x_wconf 91' lang='lat' dir='ltr'>undecumque</span> <span class='ocrx_word' id='word_1_310' title='bbox 1084 4572 1262 4637; x_wconf 91' lang='lat' dir='ltr'>coniuncta</span> <span class='ocrx_word' id='word_1_311' title='bbox 1284 4572 1318 4637; x_wconf 89' lang='lat' dir='ltr'>in</span> <span class='ocrx_word' id='word_1_312' title='bbox 1342 4589 1451 4639; x_wconf 88' lang='lat' dir='ltr'>unum</span> 
     </span>
    </p>
   </div>
   <div class='ocr_carea' id='block_1_15' title="bbox 0 0 1600 5318">
    <p class='ocr_par' dir='ltr' id='par_1_17' title="bbox 0 0 1600 5318">
     <span class='ocr_line' id='line_1_39' title="bbox 0 0 1600 5318; baseline 0 0"><span class='ocrx_word' id='word_1_313' title='bbox 0 0 1600 5318; x_wconf 95' lang='lat' dir='ltr'> </span> 
     </span>
    </p>
   </div>
  </div>
 </body>
</html>
