3192 5325
901 562 965 626 114

361 744 636 812 obliviscendam!
661 746 813 811 Tertium
835 747 980 827 coelum,
1005 747 1203 812 Paradisum
1225 747 1338 826 ipsum
1362 748 1501 810 oontem-

359 851 473 933 platus
491 856 545 918 est
562 853 756 934 audivitque
777 853 955 918 ineffabilia
971 853 1083 918 verba.
1107 853 1311 936 Etiamnunc
1322 851 1501 916 delectatur

360 959 598 1042 recordatione,
624 977 709 1040 quae
732 960 888 1024 mobilem
909 959 1062 1025 animum
1085 959 1324 1024 admirabiliter
1346 958 1500 1023 611161161

355 1063 460 1144 adigit
495 1066 537 1130 ad
570 1066 734 1132 lacrimas.
770 1065 843 1132 Hoc
877 1068 992 1132 tamen
1027 1083 1214 1147 numquam
1245 1064 1375 1146 experti
1406 1067 1499 1129 erant

359 1170 513 1250 Apostoli
535 1170 581 1236 illi
602 1173 747 1237 nimium
770 1172 922 1252 superbi!
947 1173 1021 1237 Hoc
1044 1174 1159 1237 tamen
1183 1170 1274 1236 Deus
1297 1171 1339 1236 iis
1361 1170 1498 1235 invidit!

359 1275 386 1339 O
415 1278 445 1341 si
478 1276 539 1341 Dei
573 1278 797 1344 misericordia
823 1279 885 1343 hoc
908 1277 1085 1359 aliquando
1108 1277 1245 1342 adderet
1267 1280 1340 1342 tam
1363 1276 1499 1354 egregiis

360 1382 528 1448 beneficiis
547 1387 584 1449 et
603 1402 688 1450 onus
707 1384 786 1450 iliud
807 1385 950 1467 levaret,
973 1402 1037 1466 quo
1056 1384 1147 1449 vires
1159 1384 1382 1449 enervantur!
1396 1383 1499 1447 Totus

359 1492 412 1553 est
445 1489 481 1554 11
516 1491 704 1572 precatione
739 1491 780 1556 ad
816 1490 925 1557 Deum
957 1495 993 1556 61
1023 1493 1187 1571 tanquam
1210 1490 1264 1554 sui
1287 1488 1498 1554 obliviscitur.

359 1596 523 1662 Luctatur
543 1598 623 1662 Jesu
647 1598 800 1679 exemplo
823 1597 859 1661 in
882 1614 942 1662 suo
966 1597 1133 1663 Torculari
1153 1597 1246 1677 itque
1265 1597 1431 1678 reditque,
1452 1597 1502 1659 ter

359 1701 576 1780 ingeminatis
606 1703 733 1768 verbis:
767 1699 803 1767 Si
834 1703 988 1783 possibile
1019 1706 1087 1786 est,
1120 1720 1219 1768 ame
1242 1703 1394 1767 11616661
1418 1700 1499 1766 calix

359 1808 433 1872 1616.
470 1805 530 1873 seo
566 1810 629 1874 has
664 1826 777 1889 preces
806 1809 896 1875 Deus
925 1813 1016 1876 certo
1046 1809 1171 1875 certius
1204 1808 1377 1888 exaudiet;
1409 1807 1499 1873 novit

359 1914 450 1979 enim
470 1918 636 1995 quantum
655 1915 696 1980 ad
717 1916 822 1980 bonae
840 1933 961 1982 causae
981 1917 1193 1997 triumphum
1212 1914 1359 1980 conferre
1378 1913 1496 1994 possit,

359 2019 539 2085 dummodo
559 2021 659 2086 liceat
675 2020 842 2102 expeditis
861 2023 965 2087 armis
976 2021 1174 2102 impugnare
1185 2021 1287 2086 falsos
1298 2020 1496 2100 Prophetas,

360 2125 417 2205 qui
448 2125 560 2190 fideles
589 2125 802 2192 ludificantur
834 2132 869 2192 61
891 2127 987 2194 bouis
1010 2131 1200 2205 emungunt
1222 2130 1258 2191 et
1280 2126 1443 2190 inducunt
1464 2124 1496 2188 in

348 2247 514 2296 errorem.
596 2251 599 2258 ·

404 2336 531 2402 Crescit
565 2337 679 2404 divina
713 2339 768 2404 illa
801 2341 906 2405 animi
935 2340 1033 2406 elatio
1064 2345 1099 2405 et
1125 2341 1198 2422 jam
1229 2338 1373 2420 eorporis
1396 2336 1494 2404 oculis

358 2443 494 2507 videtur
517 2443 580 2509 sibi
599 2461 732 2510 cernere
754 2463 839 2526 quae
861 2449 976 2512 mente
994 2447 1153 2527 concepit.
1174 2446 1324 2510 Tandem
1342 2445 1394 2509 vir
1412 2460 1494 2508 ama·

359 2548 435 2613 bilis
460 2550 518 2614 sed
542 2550 638 2630 paulo
661 2569 762 2632 quam
786 2550 888 2618 velles
911 2553 1038 2618 mollior
1060 2557 1095 2617 et
1118 2552 1281 2618 infirmior
1303 2551 1337 2616 id
1360 2551 1494 2616 verbum

358 2655 498 2739 reperit,
521 2675 586 2738 quo
605 2660 677 2724 1616
696 2658 885 2725 Christiana
905 2658 1017 2739 religio
1029 2659 1228 2725 continetur.
1243 2657 1327 2723 Tam
1338 2656 1495 2722 eximium
1577 2659 1578 2669 ’

358 2763 499 2827 verbum
529 2767 569 2829 ut
591 2765 752 2849 repertae,
778 2766 910 2831 fortiter
933 2766 1128 2831 toleraveris
1151 2767 1282 2844 oportet
1304 2780 1443 2842 magnos
1464 2762 1495 2825 61

358 2867 533 2934 diuturnos
563 2871 707 2946 labores,
739 2872 885 2953 corporis
912 2872 995 2936 vitio
1019 2886 1214 2953 oppressus,
1240 2870 1294 2934 oui
1315 2869 1376 2935 vix
1398 2870 1495 2934 fortes

301 2989 303 2992 ’
356 2974 488 3040 ferendo
520 2980 618 3042 sunt:
648 2996 703 3043 ros
735 2978 775 3042 de
805 2977 892 3043 coelo
923 2975 1106 3043 destillavit
1129 2978 1164 3041 61
1187 2974 1308 3040 carduo
1333 2975 1495 3040 sublectus

356 3080 430 3147 fuit.
465 3078 518 3146 Sic
547 3084 698 3165 superati
728 3080 830 3148 Stoici
862 3084 1000 3148 fuerunt
1025 3082 1220 3164 Evangelio,
1245 3081 1333 3161 quod
1357 3082 1494 3146 salutem

358 3187 475 3252 attulit
487 3189 642 3272 infirmis,
657 3190 902 3263 moerentibus,
916 3189 1087 3268 1116111116,
1102 3188 1311 3270 pauperibus.
1330 3187 1496 3253 Fruuntur

356 3292 403 3355 illi
423 3310 538 3359 omnes
557 3294 669 3360 verbis
688 3311 766 3359 vere
787 3295 926 3378 divinis,
949 3311 1033 3376 quae
1053 3295 1176 3359 Paulus
1195 3294 1277 3358 Jesu
1289 3310 1351 3358 6116
1363 3292 1493 3358 tribuit:

354 3396 489 3478 Suspicit
507 3401 566 3465 tibi
583 3402 697 3481 qratia
715 3419 806 3466 mco:
825 3420 906 3467 uum
925 3403 1035 3466 virtus
1053 3401 1090 3465 iu
1109 3400 1305 3479 infirmitate
1312 3399 1493 3481 perficitur.
1575 3418 1576 3451 ³

401 3502 465 3569 Sed
487 3506 548 3571 hoc
570 3523 700 3587 quoque
724 3509 872 3588 pertinet
895 3508 937 3573 ad
960 3506 1107 3571 hominis
1124 3505 1297 3585 ingenium
1318 3504 1492 3570 describen-

354 3610 452 3675 dum:
476 3629 593 3677 omnes
615 3612 689 3677 illas
713 3613 992 3680 considerationes
1014 3616 1050 3678 61
1073 3612 1211 3678 intimos
1234 3611 1340 3676 animi
1359 3612 1493 3676 affectus

352 3734 429 3781 oum
459 3717 604 3783 Ecclesia
627 3736 690 3784 sua
715 3720 950 3785 communicat.
976 3719 1067 3799 Quod
1089 3719 1232 3783 verbum
1254 3716 1430 3797 aliquando
1454 3730 1492 3777 611

354 3823 476 3889 intimo
519 3827 650 3904 pectore
686 3826 847 3892 scaturire
880 3826 1009 3907 potuit,
1045 3842 1112 3890 161
1148 3824 1259 3905 potuit
1293 3826 1409 3888 tamen
1442 3835 1493 3901 per

359 3946 477 3994 611166
507 3930 603 4009 quasi
632 3934 728 3997 artus
758 3934 1140 4013 161611616161111111116
1170 3929 1341 3995 hominem
1364 3941 1493 3993 sursum

364 4034 499 4113 erigere.
524 4032 661 4117 Semper
684 4054 807 4118 anceps
830 4038 947 4102 haeret
969 4037 1058 4101 inter
1076 4035 1182 4100 animi
1205 4033 1491 4124 tranquillitatem,

356 4158 458 4220 quam
494 4143 635 4208 verbum
667 4143 747 4208 iilud
780 4143 996 4222 magnificum
1025 4144 1055 4208 61
1086 4140 1313 4221 confirmavit,
1347 4143 1383 4204 61
1404 4139 1492 4219 plane

358 4249 552 4312 terrestrem
587 4249 805 4330 cupiditatem
835 4249 1048 4315 auctoritatis
1079 4247 1269 4327 cuiusdam,
1302 4246 1357 4310 cui
1378 4243 1433 4311 alii
1452 4243 1491 4307 iu·

354 4353 547 4419 dubitanter
577 4351 764 4440 16166111).
800 4354 889 4419 Unio
920 4354 1067 4437 mystica
1089 4371 1168 4419 cum
1190 4353 1288 4436 iesu,
1314 4368 1400 4434 quae
1421 4347 1491 4417 olim

355 4489 554 4507 Ἣ

388 4591 413 4653 1)
431 4591 486 4658 Gap.
506 4594 545 4654 11,
564 4593 579 4645 7
597 4598 621 4643 61
640 4591 679 4657 11,
699 4589 738 4647 18.
