3192 5325
893 452 956 516 184

353 635 426 701 sive
461 635 604 700 fortasse
627 634 733 715 ipsius
755 634 817 700 loci
839 634 1077 718 mediocritati,
1103 653 1203 716 quem
1226 635 1261 701 in
1284 633 1424 699 Ecclesia
1443 635 1485 697 te

354 743 472 823 nebat,
499 741 556 805 sed
580 741 680 805 habet
703 743 792 806 certe
816 741 1039 806 mandatores.
1064 743 1193 807 Verum
1216 742 1273 806 ubi
1295 740 1423 819 ingenio
1442 740 1483 804 iu-

355 847 485 929 dulget,
523 865 598 912 acer
625 848 696 925 est,
728 848 926 926 vehemens
957 848 1116 927 immitis,
1151 848 1186 912 in
1210 847 1354 912 docendo
1376 864 1485 927 parum

353 953 486 1032 suavis,
509 953 667 1032 gravibus
690 953 726 1017 in
749 953 849 1018 rebus
872 970 970 1036 saepe
994 957 1120 1019 temere
1143 970 1261 1034 agene,
1281 954 1394 1018 litium
1413 953 1485 1032 fugi-

351 1062 444 1142 1111,
481 1060 516 1123 in
547 1059 744 1138 dogmaticis
774 1061 890 1124 autem
920 1060 1027 1124 multo
1057 1059 1171 1124 minus
1201 1060 1370 1142 ἀπότομος,
1395 1075 1486 1139 quam

352 1164 458 1230 sicubi
480 1165 586 1246 ipsius
609 1183 662 1230 res
684 1166 806 1244 agitur.
831 1165 917 1246 Quin
941 1167 976 1229 et
1000 1165 1118 1243 dogma
1137 1165 1218 1230 adeo
1237 1183 1305 1230 uon
1325 1167 1431 1246 curat,
1450 1167 1487 1228 11

351 1287 409 1351 per
442 1288 478 1335 se
508 1271 793 1336 circumcisionem
825 1289 892 1335 non
922 1271 1088 1351 improbet
1117 1272 1227 1355 (secus
1256 1274 1358 1352 atque
1387 1271 1485 1350 isqui

349 1377 482 1458 scripsit
512 1377 584 1442 Gal.
618 1379 646 1457 2,
682 1377 732 1461 5);
764 1377 892 1442 etenim
922 1379 994 1458 ipse
1017 1376 1139 1442 Paulus
1162 1377 1369 1443 circumcidit
1391 1377 1488 1442 Timo-

351 1484 485 1563 theum,
518 1483 625 1547 filium
657 1483 775 1548 Graeci
796 1483 902 1563 patris
926 1483 984 1548 sed
1012 1483 1132 1548 matris
1155 1483 1316 1566 Judaeae,
1346 1484 1487 1568 „propter

351 1586 516 1654 Judaeos”
548 1587 614 1671 (16,
641 1589 684 1664 3).
715 1589 836 1654 Itidem
860 1588 1037 1654 Cenchreis
1061 1592 1161 1669 caput
1185 1589 1249 1654 sibi
1271 1589 1387 1654 tondet
1408 1587 1488 1666 quod

351 1698 472 1760 votum
502 1695 603 1758 habet
626 1692 693 1777 (18,
724 1696 775 1771 18)
799 1697 834 1758 11
858 1693 1067 1760 nullomodo
1092 1695 1199 1760 voluit
1223 1695 1430 1761 committere
1450 1695 1487 1756 ut

351 1801 532 1879 negligeret
554 1800 680 1865 festum
705 1800 794 1865 diem
818 1799 1060 1882 Hierosolymis
1083 1802 1244 1866 celebrare
1268 1803 1333 1882 (18,
1359 1803 1397 1866 21
1423 1797 1487 1864 coll.

353 1907 404 1990 20,
438 1906 503 1989 16).
535 1907 624 1982 imo,
651 1907 703 1987 21,
730 1908 772 1971 18
794 1923 875 1987 sqq,
902 1906 940 1970 de
963 1905 1131 1971 industria
1154 1908 1247 1987 cupit
1270 1907 1489 1972 demonstrare

352 2012 470 2093 populo
501 2029 537 2076 se
568 2029 675 2092 neque
699 2012 810 2094 ipsum
835 2013 871 2076 in
894 2013 1027 2093 privata
1050 2013 1123 2077 vita
1145 2014 1186 2078 ab
1210 2013 1335 2096 Moysis
1356 2012 1423 2090 lege
1444 2010 1489 2074 de-

353 2118 508 2198 scivisse,
530 2135 637 2198 neque
660 2118 838 2183 instituere
861 2119 1021 2201 Judeeos,
1047 2120 1104 2200 qui
1127 2120 1214 2184 inter
1237 2119 1387 2184 Gentiles
1408 2118 1490 2182 vive·

353 2228 444 2304 rent,
481 2228 520 2288 ut
552 2243 572 2289 a
603 2225 711 2304 patrio
741 2224 809 2289 ritu
843 2225 1068 2290 deflecterent.
1101 2227 1217 2306 Itaque
1240 2225 1329 2306 quod
1352 2223 1491 2290 Gentiles

354 2349 420 2396 non
454 2329 529 2394 vult
560 2330 762 2413 circumcidi,
796 2331 906 2410 magis
930 2331 1116 2413 respexisse
1139 2332 1273 2396 videtur
1295 2332 1344 2397 rei
1367 2329 1490 2394 (1111111-

354 2440 462 2501 tatem
486 2454 587 2516 quam
608 2436 773 2514 dogmatis
793 2437 1017 2502 inviolabilem
1036 2439 1262 2504 sanctitatem.
1287 2437 1431 2518 Scilicet,
1445 2433 1490 2499 uti

355 2544 566 2626 conjicimus,
600 2542 805 2622 intelligebat
838 2545 1027 2609 Gentilibus
1057 2544 1093 2608 11
1118 2544 1368 2609 circumcisione
1392 2544 1490 2608 inesse

355 2649 619 2729 inexsuperabile
631 2649 925 2732 impedimentum,
940 2668 1005 2731 quo
1017 2669 1037 2715 a
1049 2649 1238 2715 0111111111
1249 2650 1405 2730 religione
1416 2665 1490 2715 aroe-

355 2758 480 2837 rentur,
495 2756 713 2835 quamobrem
725 2756 758 2820 id
770 2757 863 2821 omni
875 2757 971 2821 modo
984 2757 1168 2822 tollendum
1181 2774 1255 2822 esse
1266 2757 1490 2821 arbitrabatur.

400 2861 491 2941 Quod
514 2860 638 2925 Paulus
661 2861 827 2940 dogmatis
849 2863 938 2927 haud
962 2862 1011 2928 111
1034 2862 1182 2927 multum
1204 2861 1348 2927 fortasse
1372 2860 1487 2941 tribuit,

355 2968 388 3032 id
423 2968 536 3033 minus
567 2968 758 3052 mirandum
789 2970 859 3051 est,
894 2986 972 3033 cum
1003 2969 1177 3033 videamus
1209 2967 1402 3049 plerumque
1423 2982 1492 3031 eum

355 3074 564 3157 mysticismo
595 3075 747 3138 deditum
778 3074 891 3139 fuisse.
921 3074 1036 3140 Veluti
1066 3074 1208 3151 legimus
1242 3074 1390 3138 vetitum
1421 3088 1490 3137 eum

354 3180 457 3245 fuisse
489 3196 509 3243 a
544 3175 669 3259 Spiritu
700 3176 821 3245 Sancto
853 3180 942 3261 loqui
973 3181 1113 3245 verbum
1145 3179 1206 3244 Dei
1229 3180 1263 3244 in
1287 3178 1371 3244 Asia
1392 3176 1491 3257 (16,6
1565 3246 1566 3249 Ἴ

355 3286 425 3351 coll.
457 3284 529 3349 Gal.
563 3285 593 3363 2,
627 3286 669 3368 2),
702 3284 807 3350 fuisse
831 3285 995 3366 Spiritum
1017 3286 1097 3351 Jesu
1121 3285 1178 3367 qui
1202 3302 1269 3350 non
1292 3282 1490 3365 permitteret

356 3410 414 3474 per
451 3391 595 3473 Mysiam
630 3392 665 3455 in
698 3392 897 3475 Bithyniam
930 3393 1092 3472 proticisci
1123 3392 1190 3473 (16,
1226 3392 1257 3473 7)
1273 3388 1305 3474 11,
1343 3388 1491 3471 Spiritum

356 3499 519 3563 Sanctum
551 3497 755 3576 praedixisse
787 3499 922 3563 vincula
953 3502 987 3562 et
1017 3499 1250 3563 tribulationes
1275 3499 1340 3579 (20,
1368 3498 1429 3581 23),
1453 3494 1490 3558 yi-

356 3605 486 3669 sionem
518 3620 596 3667 eum
627 3604 663 3668 11
687 3603 912 3669 Macedoniarn
937 3606 1127 3685 1111111111,
1152 3605 1207 3667 cui
1230 3604 1353 3670 visioni
1376 3618 1490 3669 rnorem

356 3710 514 3790 gesserit,
550 3727 654 3789 quum
688 3727 763 3775 eam
797 3728 817 3775 a
852 3710 993 3776 Domino
1028 3712 1170 3775 missam
1201 3727 1275 3775 esse
1305 3708 1490 3787 intelligeret

356 3817 424 3901 (16,
457 3817 478 3879 0
510 3815 608 3898 111).
646 3816 767 3880 Itidem
796 3819 963 3882 nocturne
994 3816 1078 3882 visio
1109 3815 1243 3881 Domini
1273 3816 1356 3900 11111,
1386 3832 1446 3897 qua
1465 3809 1490 3873 ei

354 3977 546 3988 ki-..d—-ffi-

299 4071 301 4074 '
394 4067 421 4130 l)
448 4064 517 4129 Apud
544 4063 647 4112 Paulum
672 4063 777 4127 Spiritus
800 4066 900 4113 Sanctus
923 4067 992 4114 modo
1016 4081 1114 4131 persons
1137 4065 1292 4129 (subjective,
1309 4071 1337 4117 ut
1357 4066 1431 4131 siunt)
1447 4064 1487 4119 esi,

361 4150 430 4199 modo
448 4146 561 4211 objectiva
579 4147 679 4205 donum,
698 4148 761 4209 qnod
778 4147 940 4197 Christianam
959 4150 1027 4197 tidem
1044 4164 1092 4197 non
1109 4150 1240 4199 necessario
1254 4150 1384 4199 comitetur
1398 4146 1487 4199 uecloos

361 4231 506 4297 reputandus
523 4232 570 4286 est,
589 4229 651 4277 unde
667 4229 724 4277 fides
742 4229 871 4278 derivetur.
889 4231 995 4295 Apparet
1011 4231 1054 4279 hoc
1076 4231 1112 4288 le,
1133 4232 1156 4289 2,
1175 4231 1216 4280 ubi
1232 4232 1361 4281 nonnullos
1376 4226 1486 4295 discipulos

360 4315 505 4376 interroget,
520 4310 601 4373 jamne
618 4327 665 4374 quo
677 4314 784 4375 tempore
799 4311 904 4375 primum
918 4312 1083 4371 credidissent,
1101 4314 1243 4378 accepissent
1253 4314 1371 4379 Spiritum
1379 4315 1485 4363 Sanctum.

361 4396 439 4443 Nemo
461 4393 505 4442 hoc
521 4407 604 4455 rogare
622 4393 715 4458 potuit,
734 4407 780 4458 quo
797 4396 904 4459 tempore
922 4393 1058 4443 Christiana
1074 4394 1194 4460 theologia
1212 4410 1299 4445 novam
1317 4395 1382 4460 quasi
1399 4396 1484 4445 formu

359 4476 447 4527 induit.
