3192 5325
891 520 935 586 62

340 717 425 799 Deo,
450 721 563 802 potest
581 720 657 800 quis
681 720 787 786 Deum
817 719 983 804 „precari”
1007 721 1048 784 ut
1071 717 1134 783 sibi
1157 717 1357 783 concedatur
1380 713 1483 779 verbis
1566 742 1567 745 “

339 824 615 905 comprehendere
634 827 721 906 quod
739 826 888 908 primum
909 843 951 891 ne
963 825 1243 906 pronunciaverat
1255 823 1401 903 quidem.
1415 820 1485 885 Non

341 930 468 1010 precari
500 935 590 996 certe
621 930 765 997 solemus
787 934 828 997 nt
853 932 982 1012 poetica
1007 932 1108 997 rerba
1131 930 1228 995 nobis
1251 931 1360 994 metro
1385 925 1486 992 soluto

343 1037 379 1099 et
401 1037 548 1115 prosaico
572 1038 691 1102 habitu
713 1039 858 1119 proferre
881 1037 990 1103 liceat.

389 1138 449 1206 Vs.
489 1143 540 1208 16.
574 1141 705 1216 'literne
737 1144 905 1225 potuisset
936 1143 1070 1224 quidem
1096 1141 1260 1218 ¹assentiri
1288 1141 1432 1205 fortasse
1453 1135 1488 1201 iis

344 1264 429 1328 quae
459 1250 608 1314 nondum
635 1251 721 1315 satis
743 1250 971 1331 intellexerat,
997 1249 1055 1315 sed
1078 1249 1175 1330 plane
1198 1264 1265 1312 non
1289 1247 1425 1328 poterat
1447 1259 1489 1307 as·
1574 1231 1575 1238 '

345 1353 465 1419 sentiri
483 1354 525 1420 iis
545 1372 629 1436 quae
648 1357 784 1421 omnino
803 1373 869 1422 non
889 1356 1058 1436 audierat,
1080 1353 1145 1418 ἐπεὶ
1166 1346 1489 1426 asportaverant.

345 1462 416 1527 scil.
441 1461 482 1539 τῷ
511 1460 677 1535 europem.
710 1461 770 1528 Vs.
797 1463 849 1526 19.
881 1461 974 1526 Inter
996 1460 1085 1526 mille
1116 1459 1293 1538 magnifica
1317 1459 1422 1524 verba
1444 1471 1491 1518 ex·
1576 1512 1577 1515 ,

346 1571 539 1649 spectamus
562 1571 679 1634 tamen
702 1569 848 1650 quinque
872 1568 941 1634 sore
963 1585 1048 1649 quae
1071 1568 1146 1648 quis
1169 1566 1351 1648 intelligat,
1379 1563 1438 1629 sed
1455 1577 1494 1626 ne

346 1675 494 1756 quinque
531 1673 665 1755 quidem
699 1674 853 1757 luerunt,
888 1675 917 1738 si
948 1673 1003 1739 illa
1033 1674 1210 1753 magnifica
1240 1669 1330 1736 mille
1363 1683 1494 1751 prorsus

347 1799 415 1846 non
438 1781 577 1845 inerunt
600 1781 820 1862 pronunciata
835 1781 868 1858 ¹).

392 1886 511 1966 Itaque
534 1885 588 1950 his
609 1885 688 1951 locis
711 1886 912 1970 glossolalia,
939 1903 1024 1969 quae
1047 1889 1098 1952 est
1122 1885 1229 1951 tacita
1249 1883 1408 1964 ecstasin,
1430 1897 1495 1963 pro·
1582 1931 1583 1938 1

347 1994 462 2075 batur,
488 1992 586 2057 modo
610 1991 700 2058 adsit
722 1992 975 2076 interpretata,
1002 1993 1124 2071 ἑρμηνεῖ
1148 2037 1156 2054 .

392 2097 435 2161 Π.
471 2097 536 2161 Hic
570 2114 637 2162 non
659 2097 815 2181 :carpitur
845 2098 1044 2182 glossolalia,
1076 2099 1163 2180 quod
1196 2114 1295 2162 nemo
1318 2095 1498 2178 quidquam

349 2203 445 2268 audit
468 2201 532 2285 (νε.
560 2204 610 2287 2),
637 2205 694 2269 sed
717 2204 804 2285 quod
827 2221 895 2269 non
919 2206 1004 2270 satis
1024 2205 1194 2286 perspicue
1212 2203 1360 2284 loquitur
1379 2203 1430 2266 aa
1445 2207 1497 2272 τῆς

350 2306 494 2385 γλώσσης
516 2315 578 2385 (νε.
600 2311 642 2386 9).
674 2309 734 2374 Vs.
761 2311 780 2374 2
806 2310 1041 2390 pneumaticus
1064 2315 1161 2371 λαλεῖ
1182 2309 1253 2387 θεῷ·
1278 2325 1327 2374 νε.
1353 2309 1373 2371 9
1397 2323 1496 2388 pneu-

350 2415 465 2480 matici
483 2414 524 2485 air
545 2414 619 2493 ἀέρα
640 2418 800 2478 λαλοῦσιν.
825 2416 884 2481 Vs.
909 2417 951 2481 10
969 2417 1110 2495 legimus
1130 2416 1213 2480 nihii
1232 2415 1497 2480 essesinevoce:

350 2519 434 2584 οὐδὲν
453 2518 583 2598 ἄφωνον.
604 2521 739 2604 Itaque,
760 2522 888 2603 inquit,
903 2521 1008 2588 etlam
1021 2521 1047 2585 ol
1059 2522 1186 2601 γλώσσῃ
1198 2524 1367 2588 λαλοῦντες
1383 2534 1500 2584 vocem

350 2627 492 2710 habent,
527 2626 653 2693 scilicet
684 2645 746 2709 ope
776 2626 955 2704 ἑρμηνείας.
989 2629 1079 2694 unde
1109 2630 1248 2709 apparet
1274 2630 1357 2692 tunc
1381 2624 1499 2705 utiquc
1589 2649 1591 2654 ¹

351 2731 574 2811 glossolaliam
599 2734 671 2799 sine
694 2734 749 2799 illa
771 2734 1048 2815 interpretatione
1070 2734 1174 2799 fnisse
1200 2736 1341 2799 mutam.
1377 2731 1502 2797 Contra

351 2837 494 2915 legimus
524 2856 575 2903 vs.
612 2841 672 2904 ll:
704 2839 757 2903 ἐὰν
789 2834 838 2902 οὖν
863 2840 906 2915 μὴ
931 2839 996 2903 εἰδῶ
1021 2840 1091 2911 τὴν
1114 2839 1284 2915 δύναμιν
1308 2846 1364 2911 τῆς
1387 2841 1502 2916 Φωνῆς.
1590 2850 1591 2861 ’

351 2942 413 3008 Vs.
446 2942 465 3007 2
497 2945 731 3024 pneumaticus
763 2953 861 3008 λσλεῑ
883 2946 1038 3021 πνεύμασι
1063 2945 1207 3021 pariare.
1234 2945 1359 3010 Contra
1380 2961 1433 3009 νε.
1463 2941 1500 3005 11

351 3049 406 3113 esi
429 3047 443 3111 ὅ
465 3054 569 3112 λαλῶν
592 3049 658 3125 ἐμοὶ
683 3050 847 3134 (ἀκούοντι)
871 3050 1041 3128 βάρβαρος.
1066 3052 1156 3132 Quae
1178 3050 1320 3128 ἑρμηνεία
1338 3049 1374 3113 ln
1394 3048 1504 3129 prima

352 3154 501 3234 pericope
526 3158 712 3222 necessaria
736 3157 817 3238 fuit,
843 3173 1090 3237 supervacanea
1113 3156 1170 3237 fit,
1192 3173 1296 3237 quum
1316 3152 1504 3233 glossolaiia

353 3255 485 3333 εὔσημον
515 3259 608 3336 λόγον
631 3261 771 3326 ediderit
783 3258 817 3338 ’λ
849 3262 921 3327 Ηοσ
942 3262 1045 3341 igitur
1068 3262 1165 3343 quasi
1186 3261 1330 3326 alterum
1353 3258 1504 3337 glossola·

354 3361 418 3427 liae
440 3364 605 3447 stadium,
629 3384 697 3431 non
719 3367 864 3448 amplius
883 3371 937 3433 est
956 3368 1061 3433 tacita
1079 3368 1236 3449 ecstasis,
1251 3366 1309 3432 sed
1322 3380 1503 3447 erumpens

357 3468 393 3532 in
417 3485 516 3534 sonos
539 3487 659 3550 parum
682 3472 870 3539 distinctos.

401 3574 520 3655 Itaque
553 3576 757 3655 glossolaliae
788 3596 877 3645 nova
905 3581 1012 3646 forma
1042 3597 1133 3645 nunc
1163 3580 1415 3661 comprobatur;
1442 3593 1511 3642 non

386 3793 413 3857 l)
431 3793 489 3840 Post
506 3797 613 3843 nostram
629 3793 865 3861 interpretationem,
884 3798 979 3848 dabitur
996 3799 1097 3847 fortasse
1116 3797 1184 3846 nobis
1201 3812 1235 3845 vs.
1256 3798 1287 3845 14
1301 3795 1506 3863 esaaklcgandnm:

360 3870 418 3921 6δέ
440 3874 494 3931 aeta
517 3890 566 3935 μσν
590 3872 650 3925 arla
673 3875 783 3940 ἀργός
809 3895 853 3944 pro
877 3878 993 3941 ἄκαρπος.
1018 3881 1090 3929 Mens
1107 3895 1173 3937 mea,
1191 3878 1285 3943 inquit,
1302 3877 1402 3927 minime
1423 3876 1507 3925 otiosa.

360 3954 442 4004 Tacita
463 3956 507 4004 illa
529 3958 624 4007 ecstasis
646 3960 812 4025 appellabatur
835 3962 913 4009 auaris
938 3957 962 4008 ἐν
980 3958 1113 4023 γλώσσαις
1131 3971 1229 4025 propter
1246 3958 1417 4024 sesquipedalia
1435 3956 1506 4006 verba

360 4036 506 4100 interpretis.
529 4040 624 4089 Nomen
645 4041 746 4091 fortasse
767 4042 871 4091 inditum
894 4042 923 4092 ab
946 4042 976 4090 iis
994 4042 1035 4106 qui
1052 4042 1150 4091 tacitam
1166 4042 1266 4090 ecstasin
1283 4041 1351 4089 unica
1368 4038 1508 4105 probabant.

361 4120 445 4184 Neque
463 4121 621 4171 obliviscenda
637 4124 680 4172 illa
696 4122 756 4186 γένη
774 4128 912 4186 γλωσσῶν,
930 4140 989 4189 quae
1009 4123 1065 4173 alibi
1083 4125 1128 4173 hoo
1145 4124 1215 4173 modo
1233 4138 1282 4172 non
1299 4121 1459 4188 appellantur.

396 4202 422 4260 2)
444 4204 506 4251 Sunt
528 4204 601 4253 etiam
621 4221 682 4269 qnae
704 4211 827 4271 praeterea
843 4208 957 4256 suadeant
974 4210 1002 4255 ut
1019 4205 1047 4255 ab
1065 4222 1135 4255 versa
1152 4206 1252 4270 septimo
1277 4205 1375 4254 initium
1393 4204 1509 4253 iaciamus

363 4283 420 4333 novi
442 4285 581 4348 fragmenti:
608 4302 655 4351 quo
672 4288 735 4337 enim
752 4293 843 4354 spectat
861 4288 927 4351 ὅμως
944 4304 977 4337 vs.
997 4287 1011 4339 7
1028 4288 1067 4337 vel
1086 4286 1165 4345 οὕτως
1182 4304 1215 4336 νε.
1234 4288 1278 4345 la,
1297 4302 1357 4350 quea
1372 4286 1510 4350 conjunctio

317 4396 323 4404 -
362 4363 440 4414 multo
454 4366 541 4415 rectius
555 4367 704 4433 intelligetur
717 4371 799 4419 statim
818 4375 871 4435 post
889 4370 962 4419 vata
981 4369 1039 4433 quid
1055 4369 1122 4418 vobis
1138 4370 1239 4434 prodero
1253 4368 1301 4417 nisi
1314 4368 1399 4432 loquar
1415 4368 1442 4417 in
1460 4369 1511 4416 doc·

362 4446 428 4495 trina
450 4452 495 4509 (rs.
522 4449 559 4510 6);
585 4450 620 4500 sic
644 4456 670 4501 et
693 4468 735 4503 ros
759 4452 946 4501 aedificationem
972 4450 1089 4500 Ecclesiae
1110 4452 1218 4515 quaerite
1240 4450 1285 4514 (rs.
1313 4450 1364 4515 12).
1389 4450 1513 4516 Compona

363 4540 486 4595 praeterea
502 4528 543 4580 διὰ
562 4534 609 4590 τῆς
625 4531 746 4596 γλώσσης
763 4534 810 4598 (va.
829 4533 854 4594 9)
870 4548 924 4585 cum
940 4530 1064 4597 panim,
1082 4534 1145 4597 qnod
1163 4532 1254 4599 saepius
1274 4531 1362 4596 legitur
1381 4546 1415 4581 vs.
1436 4531 1509 4581 1-6.
