3192 5325
907 529 927 591 4

338 714 424 778 ratio
447 712 538 776 reddi
558 713 680 792 poterit
701 713 854 779 versiculi
881 713 953 794 132,
979 731 1043 794 quo
1067 713 1299 778 intermissum
1323 710 1489 776 orationis

339 819 434 884 filum
464 820 549 884 satis
573 819 780 884 incommode
802 819 997 884 resumitur.
1023 820 1115 901 Quod
1139 818 1234 884 initio
1258 818 1407 899 positum
1432 819 1490 880 est

341 926 392 988 nal
417 924 467 989 διὰ
491 930 596 1010 τοῦτο,
619 928 690 1007 jam
714 944 780 991 non
798 925 942 1007 amplius
963 944 1024 992 nos
1043 925 1228 1007 torquebit3
1249 923 1491 1006 prodereenim

340 1032 474 1098 videtur
493 1050 634 1098 manum
654 1032 833 1097 redactoris
853 1030 907 1097 vel
927 1032 1158 1112 epitomatoris
1178 1031 1268 1096 haud
1281 1031 1382 1096 nimis
1394 1028 1491 1094 acuti

340 1139 454 1219 itaque
473 1155 592 1204 versus
613 1140 739 1222 2-12,
763 1139 883 1219 quibus
904 1139 1044 1220 scriptor
1058 1155 1094 1203 se
1106 1139 1218 1219 ipsum
1230 1135 1491 1218 supervacaneis

340 1245 493 1311 laudibus
516 1248 614 1310 ornat
636 1249 672 1311 et
694 1248 827 1326 onerat,
853 1246 1025 1326 postmodo
1049 1245 1168 1310 inserti
1193 1244 1361 1309 videntur.

386 1353 441 1416 Ab
473 1354 509 1433 2,
546 1349 602 1417 13b
632 1353 668 1417 in
698 1351 823 1432 reliqua
854 1351 998 1433 epistula
1026 1368 1132 1432 usque
1155 1352 1196 1416 ad
1219 1351 1321 1415 finem
1346 1349 1493 1428 scriptor

341 1459 421 1525 dicit
444 1458 484 1531 dc
515 1476 551 1524 se
574 1460 663 1540 ipse,
688 1463 769 1524 vota
794 1462 967 1539 nuncupat
986 1476 1045 1539 pro
1065 1459 1207 1524 fratrum
1228 1457 1354 1536 salute,
1374 1455 1491 1520 adhor-

341 1569 436 1631 tatur
462 1564 504 1630 ad
528 1566 692 1630 virtutem
718 1565 805 1642 (vide
831 1565 868 1640 2,
896 1566 1021 1644 14—4,
1050 1566 1211 1645 12615,
1239 1563 1402 1646 12-28),
1429 1563 1492 1627 sed

341 1672 435 1736 facile
471 1675 609 1752 apparet
642 1674 714 1736 toto
749 1671 837 1736 coelo
872 1671 1039 1736 diversam
1074 1689 1148 1737 6666
1179 1671 1370 1752 pericopen,
1404 1685 1491 1749 quae

342 1779 458 1860 incipit
481 1780 518 1861 4,
547 1780 587 1843 13
612 1781 646 1842 et
670 1796 772 1858 quarn
797 1778 903 1857 primo
927 1779 1048 1843 obtutu
1073 1779 1238 1859 pertinere
1262 1777 1385 1842 dixeris
1404 1775 1489 1856 6115,

345 1887 397 1949 11.
429 1885 567 1965 Reliqua
590 1885 703 1950 omnia
726 1888 809 1949 sunt
832 1885 955 1966 privati
978 1885 1168 1964 argumenti
1191 1884 1245 1949 vel
1268 1882 1489 1965 paraenetici,

342 1992 400 2058 sed
431 1991 630 2072 interposita
660 1994 714 2056 est
744 1991 910 2073 pericope,
944 1992 979 2056 in
1003 2009 1068 2072 qua
1091 1994 1282 2056 tractantur
1302 1989 1493 2069 dogmatica

342 2098 396 2162 vel
428 2099 516 2161 certe
547 2095 795 2175 eschatologica.
829 2097 918 2162 Nihil
948 2097 1008 2162 1166
1038 2098 1253 2179 miraremur,
1286 2097 1316 2161 si
1338 2096 1492 2162 adhorta·

343 2203 451 2268 tiones
483 2203 557 2267 illae
589 2219 631 2266 ex
661 2202 703 2267 iis
730 2220 815 2283 quae
839 2204 990 2285 proxime
1013 2205 1232 2285 praecedunt,
1257 2203 1493 2268 derivarentur
1587 2277 1588 2280 Ἴ

342 2310 396 2374 161
420 2312 508 2374 certe
531 2309 774 2390 quodammodo
798 2310 1082 2375 confirmarentur.
1109 2309 1173 2375 Sed
1197 2327 1293 2375 secus
1315 2312 1378 2375 661.
1408 2309 1494 2373 Post
1587 2311 1588 2316 ’

342 2416 373 2495 4,
401 2417 441 2480 12
466 2415 624 2480 continuo
647 2415 767 2480 addere
789 2416 915 2497 poteris
940 2416 969 2498 5,
997 2417 1038 2480 12
1064 2435 1151 2500 sqq.,
1177 2435 1258 2482 nam
1281 2417 1315 2481 in
1338 2415 1493 2480 adhorta·

342 2521 507 2598 1166111116,
543 2539 627 2603 quae
661 2523 696 2587 in
730 2523 836 2588 altera
867 2526 962 2605 parte
994 2528 1198 2605 sequuntur,
1233 2523 1315 2588 nihil
1346 2525 1399 2588 661
1432 2539 1494 2586 6111

340 2628 479 2694 fluxisse
499 2629 677 2694 credantur
696 2647 738 2695 ox
758 2629 947 2709 dogmatica
967 2631 1190 2713 expositione,
1212 2647 1296 2713 quae
1309 2628 1491 2712 praecedit.
1586 2697 1587 2715 ,

343 2734 430 2800 Hinc
465 2735 629 2801 efficimus
665 2737 894 2816 fragmentum
924 2737 1203 2817 eschatologicum
1235 2738 1366 2802 aliunde
1391 2736 1496 2801 inser·
1586 2718 1587 2737 ¹

343 2843 418 2906 16111
443 2858 533 2922 6666,
558 2860 619 2907 noc
642 2859 721 2907 oum
740 2842 875 2923 reliquis
895 2843 1077 2909 cohaerere.
1098 2845 1214 2925 ipsum
1233 2844 1368 2908 initium
1390 2842 1497 2907 nimis

343 2947 530 3028 praecisum
554 2952 607 3013 est
631 2966 739 3029 neque
762 2948 828 3013 ullo
852 2950 949 3014 modo
972 2950 1086 3017 referri
1109 2953 1222 3031 potest
1245 2951 1287 3015 ad
1308 2952 1345 3031 4,
1372 2950 1424 3013 12.

390 3054 457 3118 1166
482 3056 597 3119 16111611
620 3072 659 3120 66
682 3054 848 3135 pericope,
875 3073 976 3136 quam
998 3056 1176 3121 brevitatis
1194 3059 1295 3121 c'ausa
1315 3054 1499 3133 fragmenti

343 3159 575 3238 eschatologici
598 3160 732 3224 nomine
752 3160 1006 3241 insignivimus
1033 3163 1118 3227 circa
1141 3159 1398 3239 eschatologiam
1421 3161 1500 3223 tota
1585 3150 1586 3167 ³

346 3268 409 3330 est.
446 3264 494 3329 De
524 3265 743 3345 oschatologia
774 3268 905 3348 proprie
929 3271 1011 3333 66111
1035 3270 1072 3349 4,
1101 3269 1180 3332 13-
1193 3270 1242 3332 18.
1280 3268 1351 3332 Η66
1374 3281 1499 3331 versus

345 3370 493 3451 primum
516 3371 809 3437 considerabimus.

391 3476 416 3541 1.
452 3476 616 3542 indicabit
647 3479 787 3560 scriptor
817 3480 895 3560 quid
927 3481 992 3560 piis
1021 3481 1213 3546 hominibus
1244 3484 1322 3562 post
1351 3482 1502 3545 1116116111
1584 3540 1585 3547 ,

347 3582 503 3665 prodesse
534 3584 640 3663 possit
671 3585 748 3650 Iesu
778 3586 950 3666 raptorio,
983 3604 1063 3650 nam
1096 3586 1261 3652 Graecum
1294 3584 1501 3651 vocabulum
1584 3582 1585 3625 l

347 3688 522 3767 diligenter
552 3690 789 3774 retinebimus,
823 3708 865 3756 116
896 3692 971 3773 quis
1000 3691 1085 3757 forte
1117 3696 1237 3774 sponte
1260 3692 1499 3773 obliviscatur,

349 3794 517 3873 παρουσίαν
543 3814 609 3860 non
633 3800 771 3863 tantum
794 3799 867 3863 eius
890 3816 980 3881 esse,
1008 3799 1064 3881 qui
1088 3800 1191 3881 redit,
1218 3801 1275 3865 sed
1299 3797 1502 3864 6116166166

349 3901 405 3983 qui
434 3919 525 3967 nunc
548 3902 694 3983 primum
717 3905 864 3969 advenit.
890 3904 959 3984 11116
982 3908 1132 3986 ternpore
1156 3905 1319 3971 Dominus
1343 3901 1499 3989 rapiam,
1583 3920 1584 3923 ¹

343 4012 384 4073 61
413 4008 438 4072 11
468 4009 525 4088 qui
556 4011 639 4073 tunc
671 4009 790 4074 vivent
821 4012 856 4075 61
887 4010 910 4074 11
941 4012 998 4091 qui
1029 4012 1153 4077 mortui
1185 4015 1301 4093 erunt,
1327 4012 1506 4093 rapientur

350 4110 451 4177 simul
474 4114 609 4179 obviam
633 4114 765 4180 Christo
789 4116 825 4179 in
848 4132 925 4180 aera
941 4114 979 4198 ¹),
1006 4134 1112 4197 neque
1136 4118 1171 4182 hi
1196 4117 1268 4183 illos
1288 4118 1501 4199 praeverten-

335 4279 509 4292 ...-.-.-·

388 4388 414 4452 1)
434 4388 583 4437 16146611
600 4392 636 4436 est
650 4388 1114 4439 sermoderesurrectionemortuorum.
1133 4390 1257 4439 Nescimus
1266 4390 1364 4438 fortasse
1373 4388 1430 4452 quid
1440 4382 1498 4451 ἄξει

351 4471 478 4537 significet,
504 4475 567 4519 certe
584 4486 632 4518 non
649 4469 766 4533 siguificat
781 4471 913 4521 mucilabit.
933 4474 993 4523 Sunt
1012 4472 1102 4531 fideles,
1122 4473 1163 4537 qui
1180 4474 1205 4521 in
1223 4471 1283 4521 vivis
1301 4474 1500 4533 omnitempore

354 4551 504 4615 παρουσίας,
522 4550 608 4615 reliqui
625 4552 814 4611 reconcibator,
832 4570 879 4601 uon
896 4555 1161 4604 cliamruccitabuutur.
1183 4555 1258 4603 Verte
1267 4554 1324 4617 quin
1334 4557 1359 4602 ct
1368 4554 1391 4600 et
1403 4550 1498 4600 orietur
