3192 5325
660 536 788 607 45·

98 723 303 801 pertractat,
339 740 407 789 non
435 722 529 789 facile
559 724 733 790 incidisset
766 724 801 789 in
831 723 885 807 id,
921 723 1007 805 quod
1036 727 1155 804 sponte
1179 741 1253 790 sese

98 827 197 892 offert
229 827 418 911 δνοοοενοςῇ
451 829 559 897 aliena
593 831 752 910 relegenti
783 833 820 896 et
850 830 886 894 in
914 847 992 896 suos
1016 847 1099 895 usus
1123 846 1255 896 conver-

102 933 202 999 tenti.

122 1039 355 1107 Christianam
389 1043 549 1123 originem
585 1046 757 1126 praeterea
788 1043 935 1124 produnt
968 1044 1001 1126 5,
1037 1043 1178 1108 19-26.
1202 1042 1257 1108 Ab

98 1144 236 1225 ingenio
257 1147 346 1213 illius
370 1149 488 1215 Judaei
509 1166 610 1232 quem
634 1150 736 1216 toties
756 1149 921 1232 diximus,
944 1149 1091 1215 alienum
1111 1153 1165 1214 est
1183 1151 1258 1214 tam

98 1253 245 1336 protrita
280 1255 437 1337 scribere,
473 1256 570 1337 quale
601 1260 655 1322 est
688 1257 767 1321 illud
802 1274 854 1321 vs.
888 1252 963 1320 21¹2:
989 1251 1034 1318 ὅτι
1060 1255 1102 1319 τὰ
1126 1259 1255 1320 τοιοῦτον

100 1357 293 1437 πράσσοντες
317 1361 372 1423 ari
394 1361 455 1428 Vs.
482 1363 523 1428 22
548 1363 632 1432 ulcu
653 1363 754 1445 juxta
779 1360 961 1440 χρνςότντο
985 1361 1121 1442 ponitur
1144 1364 1180 1426 et
1203 1379 1254 1426 as-

100 1469 279 1532 severatur
310 1485 360 1533 vs.
395 1469 455 1533 23:
487 1467 572 1531 κοιτοὶ
607 1468 677 1551 [ric
710 1467 840 1550 πίςεως]
875 1467 927 1530 οὐκ
960 1464 1004 1533 ise
1031 1465 1130 1540 νόμος.
1155 1465 1257 1531 Lenis

100 1574 153 1636 est
188 1572 297 1638 ironia
318 1574 413 1639 Pauli
436 1574 604 1658 Episcopi,
630 1576 687 1656 qui
711 1574 858 1655 spinosis
882 1572 946 1638 illis
968 1572 1257 1655 disquisitionibus

100 1678 242 1745 minime
266 1679 458 1744 delectatur.
484 1680 725 1761 QuantumviS,
750 1680 878 1762 inquit,
901 1682 1025 1755 πνοῡμο
1049 1677 1210 1744 extuleris
1222 1680 1258 1742 et

100 1783 211 1864 legem
243 1785 460 1870 depresseris,
494 1788 641 1852 virtutes
673 1789 790 1852 tamen
820 1786 894 1854 illae
925 1802 1057 1868 omnes,
1084 1783 1257 1862 χονςάτνο,

102 1889 205 1972 rien,
239 1895 302 1956 cet.
331 1892 470 1957 minime
494 1893 716 1961 adversantur
737 1891 817 1975 legi,
843 1909 945 1973 quam
970 1895 1043 1957 tam
1067 1891 1177 1956 odiose
1200 1891 1258 1956 im·

101 2011 245 2075 pugnas.
277 1998 317 2061 ln
344 1998 554 2080 paraenetico
584 2015 687 2064 versu
720 1999 762 2062 24
789 1997 1004 2082 agnoscimus
1027 1997 1167 2063 eandem
1192 2014 1258 2062 ma-

102 2118 206 2183 num,
232 2120 318 2183 quae
341 2103 475 2184 scripsit
498 2106 532 2187 6,
563 2104 627 2168 142.

147 2207 234 2273 Post
256 2226 309 2274 vs.
334 2210 375 2273 24
399 2210 627 2288 fragmentum
651 2210 899 2293 Christianum,
925 2210 1011 2291 quod
1035 2211 1181 2292 pertinet
1205 2226 1257 2274 us·

106 2330 169 2394 666
192 2313 237 2378 ad
262 2315 299 2397 6,
325 2315 362 2398 6,
390 2316 497 2394 magis
518 2316 624 2382 etiam
647 2316 861 2382 memorabile
882 2316 939 2399 fit,
962 2316 1109 2396 primum
1122 2318 1257 2396 propter

105 2425 325 2492 πνευματικῶν
344 2438 483 2502 nomen,
497 2421 615 2486 deinde
629 2424 763 2503 propter
774 2421 929 2502 Episcopi
941 2421 1255 2504 mansuetudinem,

105 2543 189 2606 quae
213 2525 380 2606 imprimis
399 2525 524 2608 elucet,
550 2526 656 2592 sicubi
678 2527 830 2592 conferas
854 2544 933 2592 cum
957 2527 1127 2609 superbia,
1154 2544 1259 2608 quam

105 2629 168 2698 illio
188 2631 404 2698 'offendimus
429 2632 499 2698 Nec
519 2633 704 2699 metuimus
723 2650 765 2698 ne
786 2632 861 2715 quis
883 2650 945 2698 nos
965 2633 1143 2699 verborum
1162 2633 1258 2699 lusus

103 2738 264 2818 aucupari
284 2739 481 2823 arbitretur,
508 2739 566 2805 sed
586 2739 696 2822 judice
724 2739 826 2804 Paulo
849 2738 1025 2822 Episcopo,
1051 2738 1257 2820 pneumatici

104 2843 228 2909 nimios
250 2845 391 2924 spiritus
415 2849 545 2925 gerunt.
570 2845 749 2926 Quantiris
773 2846 873 2926 pretii
897 2847 1020 2919 νονοῦμοο
1046 2848 1118 2920 est,
1136 2845 1193 2911 666
1207 2845 1258 2909 66-
1387 2882 1390 2887 -

104 2949 239 3015 missior
269 2951 404 3016 animus
426 2951 602 3017 admixtus
624 2952 706 3016 nihil
728 2951 871 3017 nocebit.
897 2951 1050 3031 Quanam
1075 2951 1110 3017 in
1133 2967 1169 3014 re
1193 2966 1257 3014 cer-

104 3058 242 3121 neretur
272 3056 328 3121 ilia
359 3054 510 3129 κενοδοξία
545 3058 579 3139 5,
615 3059 657 3121 26
692 3060 831 3139 apparet
862 3059 897 3121 et
930 3057 1086 3122 attendat
1118 3055 1192 3137 quis
1216 3055 1257 3120 ad

104 3162 246 3227 verbum
270 3165 461 3244 προλοφθῇ,
487 3165 525 3246 6,
555 3166 583 3229 l.
619 3164 693 3228 Non
716 3164 907 3229 ostenditur
929 3162 1092 3243 quomodo
1110 3162 1146 3226 in
1167 3162 1260 3226 viam

104 3267 284 3333 reducendi
314 3268 384 3333 sint
411 3269 468 3350 qui
498 3272 696 3350 peccarunt3
722 3269 780 3334 sed
803 3268 964 3349 quomodo
988 3284 1183 3347 nosgerore
1205 3267 1258 3331 de-

106 3372 245 3438 beamus
275 3390 353 3452 erga
383 3391 456 3457 eos,
489 3374 547 3455 qui
572 3377 752 3456 antequam
775 3375 864 3439 inter
887 3373 1117 3455 pneumatioos
1140 3372 1258 3454 recipe-

105 3481 237 3562 rentur,
270 3480 361 3559 turpi
391 3480 520 3560 piaculo
551 3497 626 3547 sese
656 3478 863 3562 polluissent.
889 3479 949 3545 illa
974 3481 1047 3545 erat
1071 3476 1259 3559 pneumati·

107 3583 221 3649 oorum
253 3584 404 3659 κενοδοξίο
435 3586 521 3667 6666
551 3602 587 3650 66
611 3586 759 3651 multum
801 3587 972 3666 praestare
1003 3586 1169 3666 putabant
1197 3583 1257 3662 iis,

108 3705 188 3768 6666
223 3691 310 3755 forte
345 3694 574 3772 compererant
604 3693 682 3757 olim
712 3692 807 3771 gravi
838 3691 922 3757 vitio
951 3690 1123 3773 prolapsos
1144 3689 1257 3755 fuisse.

107 3793 274 3861 Nimirum
305 3796 472 3875 genuinus
503 3797 737 3878 pneumaticus
759 3799 801 3864 ab
825 3797 964 3862 ineunte
989 3798 1101 3862 aetate
1127 3810 1259 3874 semper

107 3898 233 3980 integer
256 3901 349 3967 vitae
371 3901 568 3985 scelerisque
590 3920 695 3982 purus
717 3902 829 3967 fuerat
845 3898 878 3978 ¹).

151 4005 210 4072 Vs.
238 4008 258 4070 2
283 4006 422 4073 minime
445 4006 678 4087 negligendum
700 4010 754 4073 est
772 4006 927 4073 additum
948 4010 1001 4069 τοῦ
1021 4010 1140 4087 χονςοῦ.
1177 4006 1254 4072 Jam

109 4113 207 4177 antea
235 4112 453 4191 exposuerint
479 4113 687 4200 pneumatici
709 4112 840 4178 ludaici
853 4112 895 4196 id
922 4113 1008 4193 6666
1032 4116 1150 4194 postea
1174 4113 1263 4195 apud

110 4213 314 4282 Christianos
348 4217 383 4283 in
418 4218 604 4298 dogmatica
634 4218 848 4300 praecipuum
879 4222 981 4299 caput
1024 4217 1104 4303 fuit,
1141 4222 1258 4284 tamen

110 4337 212 4401 quum
246 4323 395 4403 primum
436 4324 642 4405 pneumatici
676 4324 858 4389 Christiani
893 4323 975 4389 facti
1009 4326 1108 4408 sunt,
1144 4341 1254 4390 nov-us

145 4557 167 4617 1)
184 4561 248 4607 Ante
265 4562 363 4607 σκοπῶν
379 4560 464 4610 lacum
480 4563 527 4620 est,
544 4560 608 4625 quod
625 4576 778 4611 numerorum
797 4560 903 4611 mutatio
925 4558 1013 4624 arguit.
