3192 5325
649 589 713 652 197

101 771 248 835 mundus
270 772 424 837 bifariam
447 774 616 838 dividatur
638 776 673 837 at
696 775 737 838 ab
761 772 866 838 albara
889 775 984 854 parte
1011 774 1035 835 oi
1062 772 1096 836 ἐκ
1115 771 1243 855 σαρκός,
1285 820 1287 824 -

100 877 145 940 ab
164 877 267 942 altera
290 879 315 940 οἱ
340 877 373 941 ἐκ
398 878 574 954 πνεύματος
598 882 766 945 secedant.
802 880 915 944 Limes
938 879 1170 960 insuperabilis
1194 886 1246 945 est

100 984 236 1064 tamque
265 985 333 1050 late
362 987 449 1068 hiat,
484 989 524 1050 ut
553 1003 610 1067 per
641 989 778 1067 pontem
802 987 844 1050 ab
869 984 933 1049 illis
956 985 998 1050 ad
1022 987 1082 1050 hos
1105 986 1247 1052 transire

100 1105 168 1151 non
201 1085 321 1171 possis
356 1087 461 1156 Sicuti
494 1109 593 1156 nemo
630 1109 791 1172 umquam
823 1090 988 1169 ingenuus
1018 1090 1090 1173 fiet,
1124 1091 1181 1171 qui
1212 1092 1248 1156 in

100 1194 265 1261 servitute
299 1200 403 1262 natus
434 1201 501 1278 est,
536 1197 584 1262 sie
611 1197 702 1263 nulla
731 1200 784 1262 est
815 1195 972 1260 transitio
1004 1196 1045 1260 ad
1071 1195 1143 1261 ilios
1167 1213 1246 1262 vere

98 1300 256 1377 patricios
279 1320 319 1367 ac
342 1303 429 1368 solos
451 1303 586 1369 nobiles.
622 1302 809 1368 Peccatoris
833 1301 1021 1384 eonversiO,
1049 1302 1176 1382 peceati
1200 1319 1245 1368 re-

98 1405 228 1491 missie,
262 1408 403 1474 virtutis
433 1427 527 1474 amor
557 1412 676 1490 sponte
703 1426 742 1473 ae
766 1408 907 1472 minime
930 1407 965 1471 vi
988 1411 1179 1487 susceptus:
1204 1408 1246 1473 10-

97 1511 249 1578 cutiones
268 1513 342 1580 illae
362 1518 445 1579 sunt
463 1515 549 1595 plebi
568 1517 765 1596 usurpatae,
789 1531 874 1594 quae
895 1514 948 1577 hic
969 1530 1037 1577 non
1049 1513 1244 1593 impugnan-

98 1619 164 1696 tur,
184 1618 243 1682 sed
262 1621 375 1700 potius
398 1621 621 1700 negliguntur,
647 1621 806 1701 quoniam
821 1620 1162 1701 adpneumatieorum
1175 1621 1243 1701 phi-

96 1720 281 1802 losophiam
304 1725 386 1789 nihil
406 1725 586 1807 pertinent.
612 1727 659 1788 οὐ
684 1724 832 1799 δύνασαι,
857 1729 947 1805 nam]
963 1725 1011 1790 ita
1035 1725 1158 1790 diserte
1170 1725 1244 1804 legi-

98 1845 176 1891 mus
208 1831 238 1910 3,
275 1831 327 1911 27,
359 1834 392 1894 οὐ
423 1829 553 1894 δύνοντα)
585 1828 736 1909 ἄνθρωπος
761 1829 938 1906 λαμβάνειν
964 1829 1055 1911 οὐδέν,
1082 1831 1134 1893 ἐὰν
1158 1833 1201 1905 μὴ
1227 1828 1244 1912 ᾖ

98 1931 252 2006 δεδομένον
269 1934 526 2017 (attendendum
546 1939 589 2002 ad
607 1937 806 2020 perfectum)
826 1937 909 2014 αὐτῷ
931 1937 964 1999 ἐκ
977 1940 1029 1998 τοῦ
1043 1937 1164 2013 οὐροονοῦ
1179 1983 1185 1999 .
1199 1987 1206 2000 .
1218 1983 1242 2000 ..

98 2035 175 2104 Sive
200 2043 373 2108 terrestris
396 2045 485 2123 origo
507 2047 578 2126 est,
602 2045 674 2109 sive
696 2043 865 2108 coelestis:
891 2042 904 2105 i
929 2041 966 2118 ὢν
991 2043 1024 2106 ἐκ
1049 2052 1102 2116 τῆς
1127 2051 1186 2118 γῆν
1212 2043 1245 2107 ἐκ

98 2152 151 2217 τῆς
181 2154 240 2222 γῆς
266 2147 328 2213 ἐςὶν
353 2148 406 2211 aui
432 2149 466 2211 ἐκ
489 2157 544 2222 τῆς
565 2157 624 2225 γῆς
644 2157 754 2222 λαλεῖ,
775 2148 788 2212 ὁ
812 2150 846 2210 ἐκ
866 2152 918 2211 τοῦ
939 2150 1060 2227 οὐρανοῦ
1082 2149 1243 2227 ἐρχόμενος

98 2249 264 2334 (supplere
294 2252 406 2319 licebit
436 2273 487 2320 vs.
519 2255 576 2338 31)
608 2255 650 2317 σὰ
675 2253 837 2332 ἐπουράνια
862 2264 958 2318 λαλεῖ
980 2254 1033 2338 (01.
1058 2268 1109 2321 vs
1137 2256 1191 2339 12)
1220 2257 1242 2340 ).

141 2359 437 2424 Pneumaticorum
479 2361 685 2442 phiiesophia
712 2361 807 2426 facile
842 2378 916 2427 sese
950 2363 1151 2443 conjungere
1183 2381 1240 2445 po-

99 2465 165 2530 tuit
195 2482 273 2530 eum
304 2466 457 2542 doctrina
491 2466 531 2531 de
561 2467 686 2546 Verbo,
717 2466 824 2548 qualis
855 2467 890 2531 in
922 2471 1041 2549 quarto
1064 2467 1243 2547 Evangelio
1356 2457 1359 2463 ’

97 2572 285 2650 exponitur.
323 2571 508 2636 Commune
538 2575 612 2639 erat
642 2572 676 2634 τὸ
704 2573 780 2652 φῶς.
812 2571 866 2636 ⁴De
895 2573 1005 2638 Verbo
1034 2572 1127 2657 (nam
1161 2577 1195 2658 1,
1223 2578 1243 2640 9

98 2676 285 2758 subjeetum
310 2673 323 2737 i
348 2675 440 2750 λόγος
465 2680 526 2741 aut
561 2678 726 2743 omissum
760 2681 814 2743 est
847 2681 909 2743 aut
942 2678 1078 2763 excidit)
1101 2680 1243 2759 legimus

97 2780 199 2847 fuisse
222 2782 257 2845 τὸ
282 2783 348 2859 Φῶς
373 2781 408 2845 τὸ
428 2782 578 2858 οὶλνθινόν,
602 2779 615 2846 ὃ
638 2782 765 2863 φωτίζει
787 2785 893 2847 πάντα
915 2781 1066 2862 ἄνθρωπον
1080 2786 1243 2864 ἐρχόμενον

98 2885 137 2954 εἰς
173 2888 224 2950 σὸν
261 2887 384 2960 κόσμον.
421 2889 471 2954 Ne
502 2889 555 2954 hie
586 2890 719 2971 quidem
750 2891 963 2969 cogitandum
995 2895 1048 2956 est
1071 2893 1111 2957 de
1134 2894 1242 2960 almae

96 2991 176 3057 lueis
200 2994 450 3076 munificentia,
476 2996 534 3060 sed
557 2995 637 3060 illud
661 2999 841 3077 speciatur,
865 2996 975 3062 lucem
995 2997 1188 3063 collustrare
1207 3004 1243 3065 et

97 3099 281 3176 patefacere
311 3101 433 3165 omnia.
468 3102 537 3166 Nec
567 3104 679 3182 potest
709 3102 784 3182 quis
809 3103 865 3188 „in
888 3103 977 3167 hune
1001 3104 1165 3168 mundum
1188 3122 1241 3169 ve·

97 3202 213 3268 niens’'
237 3204 311 3270 vim
334 3207 477 3285 experiri
500 3207 600 3288 10010,
625 3222 658 3271 ν.
678 3224 706 3271 0.
726 3208 899 3288 veritatis3
921 3209 979 3273 sed
999 3226 1097 3290 saepe
1109 3214 1242 3292 mature

96 3310 302 3392 perspicitur,
340 3312 453 3376 utrubi
490 3314 568 3377 tuos
601 3315 741 3393 penates
771 3312 904 3377 habeas.
941 3309 1004 3379 Sed
1036 3331 1085 3379 vs.
1116 3316 1156 3379 10
1188 3335 1242 3383 res

96 3414 286 3479 conficitur:
311 3417 459 3482 mundus
481 3417 518 3481 in
541 3435 605 3498 quo
629 3417 687 3481 iux
711 3420 800 3500 erat,
826 3418 1042 3484 nihiiominus
1064 3420 1148 3485 lueis
1171 3440 1241 3488 mu-

96 3517 302 3585 nificentiam
336 3540 405 3587 nen
427 3523 593 3601 cognovit.
623 3522 742 3603 Itaque
765 3520 867 3597 Λόγος
891 3524 956 3589 fuit
978 3525 1008 3589 is
1032 3527 1089 3605 qui
1111 3531 1241 3604 Πνεῦμα
1311 3530 1313 3536 ’

96 3625 238 3701 perfecte
269 3628 435 3692 revelavit
465 3628 509 3704 (οὐ
540 3627 603 3703 γὰρ
634 3626 670 3688 ἐκ
701 3625 812 3705 μέτρον
837 3626 935 3691 δίδωσι
961 3628 995 3692 τὸ
1021 3634 1164 3706 πνεῦμα,
1190 3652 1240 3699 vs.
1290 3672 1297 3683 ·

98 3726 162 3807 34b)
193 3733 231 3795 et
262 3732 375 3810 Magni
405 3732 441 3796 in
474 3732 632 3797 humanis
663 3735 762 3798 rebus
792 3734 1002 3800 Discriminis
1026 3740 1142 3802 auctor
1166 3738 1240 3804 fuit.

96 3831 190 3902 Hane
213 3839 255 3901 ob
279 3853 418 3901 causam
441 3836 454 3899 ὁ
479 3836 571 3913 λόγος
597 3844 730 3919 (nempe
749 3838 802 3904 ille
822 3857 922 3920 quem
941 3840 1088 3907 diximus
1106 3841 1167 3913 υἱὸς
1186 3849 1240 3907 σοῦ

97 3938 259 4017 ἀνθρώπου,
293 3942 307 4005 δ
340 3940 377 4004 ὢν
409 3942 439 4009 ἐν
469 3944 510 4019 τῷ
541 3943 666 4026 οὐρανῷ)
695 3943 774 4022 σὰρξ
795 3944 918 4021 ἐγένετο
942 3944 994 4009 aa>
1020 3947 1185 4020 ἐσκήνωσεν
1209 3954 1241 4015 ἐν

99 4042 164 4116 ὑμῖν
183 4048 229 4130 (1,
255 4048 319 4129 14).
346 4048 400 4113 Ita
422 4064 538 4114 revera
561 4047 595 4112 τὸ
620 4054 686 4124 φῶς
709 4051 744 4114 in
769 4052 936 4117 mundum
960 4054 1072 4129 venit3
1085 4056 1166 4121 Jesu
1190 4059 1241 4123 be-

97 4150 208 4218 neficio
245 4153 279 4215 τὸ
316 4159 383 4232 Φῶς
414 4154 450 4217 in
482 4158 655 4235 posterum
685 4157 832 4221 humano
864 4159 976 4235 generi
1001 4160 1098 4241 Lydii
1121 4162 1240 4243 lapidis

98 4252 199 4323 instar
230 4276 307 4325 esse
338 4262 480 4341 poterat.
512 4260 566 4324 Ad
589 4277 668 4326 eum
690 4261 806 4326 venire
829 4278 929 4343 seque
951 4264 993 4327 ad
1018 4265 1113 4330 ilium
1136 4270 1237 4350 appli-

98 4375 165 4426 care
195 4366 271 4431 erat
301 4364 382 4430 illud
413 4366 502 4431 idem
532 4366 645 4432 venire
669 4359 740 4445 πρὸς
767 4365 802 4429 τὸ
825 4368 909 4451 φῶς,
935 4370 1021 4450 quod
1045 4370 1075 4453 3,
1103 4374 1143 4437 21
1170 4375 1241 4439 uni·

97 4508 277 4522 Ἁ-ῇ

130 4607 207 4670 1)(11.
226 4612 252 4670 8,
269 4611 302 4659 28
319 4612 344 4658 et
361 4611 394 4659 48
412 4609 450 4674 (in
467 4609 512 4658 hoe
527 4608 616 4659 mundo
633 4609 781 4659 mendacium
798 4613 890 4675 regnat)
907 4614 932 4660 et
948 4612 1017 4661 infra.
