3192 5325
391 701 452 766 Vs.
488 703 529 768 15
551 705 587 768 et
612 706 663 769 16.
694 705 769 771 Non
790 706 821 771 ei
844 706 1035 773 invidemus
1058 708 1115 789 qui
1138 709 1211 773 tam
1233 709 1352 772 beatus
1374 709 1475 772 estut
1572 731 1573 746 2

347 806 450 873 inte·
495 810 521 873 ὴ.

392 807 537 981 ὴῖιὲἓᾶῃ.
573 917 681 998 Quam
710 919 866 1016 ineptum
895 922 948 985 est
971 921 1152 1000 καυχᾶσθαι
1177 919 1208 983 ἐκ
1231 918 1338 1001 κυρίῳ,
1361 920 1477 986 etiamsi

345 1021 379 1087 id
401 1022 499 1089 hodie
520 1024 580 1089 vix
603 1026 803 1093 sentiamus.

390 1128 450 1195 Vs.
485 1132 537 1196 18.
570 1132 653 1214 Quid
684 1133 822 1199 tandem
853 1137 907 1199 θεὴ
938 1135 1024 1216 quod
1055 1135 1219 1202 Dominus
1242 1135 1387 1216 aliquem
1407 1150 1479 1199 com·

345 1236 509 1302 mendat?
524 1236 560 1321 ¹).

883 1397 901 1472 ἓ
925 1393 955 1460 2.

551 1546 638 1628 Quid
659 1549 805 1630 comptor
827 1551 947 1614 scotist
970 1550 1009 1614 dc
1031 1548 1177 1616 Ecclesia
1200 1567 1274 1614 sua.

390 1699 528 1765 Praeter
549 1699 687 1766 insanas
710 1704 828 1768 textus
851 1703 1074 1787 corruptelas,
1100 1721 1183 1785 quas
1207 1703 1401 1769 notavimus
1422 1719 1483 1767 non

342 1808 382 1870 ut
416 1806 568 1872 criticam
601 1807 798 1874 facultatem
832 1811 1012 1892 celeremus,
1045 1811 1102 1876 sed
1134 1812 1174 1875 ut
1203 1812 1322 1876 textus
1353 1809 1487 1876 conditio
1575 1841 1576 1844 π

343 1911 463 1978 melius
492 1913 749 1997 intelligeretur,
775 1934 865 1982 nunc
888 1917 1130 1982 attendendum
1153 1920 1222 2000 est,
1248 1935 1351 1999 quem
1374 1933 1487 1999 parum

341 2019 559 2102 aequabiliter
573 2021 746 2087 animatus
765 2024 812 2088 sit
831 2039 909 2103 erga
925 2022 1124 2107 Ecclesiam,
1138 2024 1192 2088 cui
1204 2024 1358 2104 Epistula
1370 2022 1488 2104 scripta

343 2129 407 2193 est.
431 2127 561 2193 Judicia
582 2128 666 2192 mire
689 2131 912 2210 repugnantia
934 2146 1172 2212 componemus
1195 2131 1230 2195 in
1252 2148 1371 2195 unum.

388 2234 593 2300 Jamdudum
623 2235 770 2301 Ecclesia
792 2237 902 2303 multe
925 2236 1012 2302 mala
1036 2253 1193 2319 perpessa
1215 2240 1269 2304 θεὴ
1291 2237 1387 2317 eique
1410 2254 1489 2317 opus
1576 2189 1577 2208 ἶ

342 2345 397 2408 θεὴ
430 2342 670 2426 consolatione,
707 2360 809 2424 quam
843 2343 921 2409 dare
955 2347 1094 2425 paratus
1124 2345 1177 2409 est
1208 2342 1252 2427 (l,
1280 2344 1389 2419 1-7).
1417 2342 1489 2423 lpse

343 2447 508 2513 Ecclesiae
541 2449 643 2528 gloria
676 2451 729 2514 est
764 2452 800 2514 et
833 2450 980 2516 Ecclesia
1014 2451 1117 2529 gloria
1150 2452 1204 2516 θεὴ
1238 2449 1346 2532 ipsius
1375 2450 1411 2514 in
1440 2449 1491 2514 die
1577 2503 1578 2536 1

342 2555 478 2622 Domini
501 2554 581 2639 (14).

387 2664 452 2730 Sed
486 2664 603 2729 eadem
638 2664 686 2729 sic
715 2664 900 2746 sogessit,
930 2666 971 2729 ut
1001 2665 1072 2746 ipse
1102 2666 1215 2730 venire
1246 2664 1346 2747 nolit;
1378 2660 1492 2746 quodsi

341 2772 434 2836 enim
466 2770 614 2851 venerit,
650 2770 831 2836 admodum
865 2786 966 2850 grave
1000 2774 1055 2837 θεὴ
1088 2772 1174 2852 quod
1206 2788 1330 2853 poenas
1362 2772 1491 2850 exigere

342 2878 474 2945 debebit
496 2878 539 2959 (2,
565 2878 583 2941 1
608 2882 702 2959 sqq).

388 2985 472 3050 Eam
511 2984 636 3050 eximia
678 2984 886 3065 praestantia
920 2984 1063 3067 eminet,
1099 2987 1140 3050 ut
1173 2984 1312 3065 egregiis
1345 2984 1494 3051 moribus

342 3092 515 3158 Christum
545 3089 619 3157 aliis
642 3090 855 3156 commendet
878 3093 914 3156 et
936 3092 1033 3173 quasi
1056 3092 1295 3158 documentum
1320 3091 1383 3173 sit,
1409 3091 1495 3172 quod

341 3198 422 3278 Legi
455 3197 677 3281 Lapidearum
711 3198 915 3263 Tabularum
950 3198 1070 3279 opponi
1100 3198 1208 3280 possit
1239 3198 1281 3282 (3,
1309 3201 1325 3264 1
1353 3204 1438 3281 sqq.)
1453 3192 1495 3282 ²);

378 3420 404 3479 1)
429 3418 455 3466 Si
479 3417 519 3466 eni
545 3417 608 3466 forte
632 3415 734 3466 nimium
759 3415 804 3465 sibi
823 3416 919 3481 placens
937 3417 1040 3482 scriptor
1058 3417 1192 3483 displicuit,
1210 3417 1232 3466 is
1248 3416 1382 3467 adscribere
1399 3432 1495 3468 versum

345 3501 432 3569 potnit.
459 3528 493 3537 -
519 3500 631 3549 Ostemm
656 3514 686 3547 ne
711 3498 764 3562 quis
785 3498 878 3548 dubitel
895 3515 945 3565 esp.
964 3499 997 3547 10
1015 3499 1118 3565 inteIIigi
1135 3516 1182 3549 non
1199 3516 1279 3566 posse,
1298 3500 1355 3549 satis
1373 3503 1411 3551 θθὴ
1429 3500 1494 3550 adire

348 3600 434 3634 norem
451 3582 585 3632 versionem
602 3581 677 3631 veluti
694 3581 800 3630 Eduardi
818 3581 922 3641 Reussii,
940 3597 999 3647 qnae
1016 3582 1115 3632 Parisiis
1132 3582 1222 3647 prodiit
1231 3582 1305 3635 1878.
1315 3583 1421 3633 Griticus
1431 3598 1495 3647 egre·

352 3669 406 3734 gius
430 3669 524 3715 cosctm
541 3664 588 3714 fuit
605 3668 632 3714 nt
649 3664 750 3728 singulis
765 3663 870 3715 versibus
887 3665 937 3715 vim
954 3666 1054 3725 feceret,
1072 3681 1102 3715 nc
1118 3666 1205 3716 horum
1221 3666 1328 3715 omnium
1345 3664 1410 3715 nihil
1428 3666 1494 3716 intel·

357 3750 440 3800 lexisse
456 3748 584 3798 rideretur.

378 3833 407 3899 2)
425 3831 492 3881 rsa
509 3829 572 3880 dele:
590 3825 789 3892 ἐνγεγραμμένη
813 3825 838 3879 ἐκ
856 3831 914 3888 ταῖς
931 3827 1042 3893 καρδίαις
1059 3828 1140 3891 ἡμῶν·
1159 3831 1264 3896 primum
1279 3830 1343 3879 esim
1351 3830 1494 3896 moxseqni·

344 3919 387 3966 tur
404 3915 508 3965 elwrnm
525 3908 736 3976 ἰγγθγρκμμένκ,
753 3915 807 3962 tum
822 3912 925 3977 epistula
942 3928 956 3961 a
973 3912 1088 3978 scriptore
1106 3910 1227 3970 διθκθνῆθκ
1236 3928 1279 3962 nso
1286 3916 1351 3962 certe
1359 3912 1387 3962 in
1395 3914 1496 3980 proprio

344 3998 416 4047 corde
435 3996 524 4061 scripta
541 3994 603 4055 iuit3
621 3994 705 4043 deinde
722 3993 811 4059 legitur
829 3994 858 4044 sb
876 3993 985 4044 omnibus
1001 3995 1043 4059 qui
1060 3998 1141 4044 tamen
1159 3994 1282 4061 scriptoris
1297 4010 1338 4043 cor
1352 4011 1497 4061 noncognc·

346 4083 445 4138 rerunt;
470 4078 607 4145 poteritqm
632 4078 733 4142 denique
758 4077 951 4143 interpolationis
968 4092 1037 4127 causa
1054 4077 1170 4142 intelligi,
1189 4079 1252 4143 qnod
1269 4093 1314 4127 ves.
1331 4078 1348 4127 2
1365 4082 1392 4127 et
1411 4080 1428 4129 8
1445 4094 1497 4145 per·

347 4177 430 4229 persis
455 4160 544 4227 sceepti
565 4161 677 4220 inerunt,
703 4164 807 4224 qnorn'm
833 4160 891 4209 haec
916 4164 952 4209 est
978 4161 1105 4211 metentis:
1132 4161 1195 4210 Usus
1220 4160 1343 4226 scriptoris
1359 4160 1495 4212 ministerio

346 4244 458 4294 Christus
483 4243 617 4308 Epistulam
633 4244 729 4310 scripsit
746 4244 772 4293 in
789 4242 899 4294 cordibus
916 4243 1023 4293 omnium
1041 4244 1178 4301 hominnm
1197 4244 1255 4294 haee
1271 4243 1375 4307 epistuls
1393 4244 1497 4295 Ecclesia

345 4329 381 4375 est
406 4325 445 4386 (ef.
471 4325 584 4375 l‘l'hess.
603 4326 627 4385 l,
646 4327 661 4374 8
679 4326 740 4392 sq),
765 4341 814 4376 non
839 4321 1086 4395 scriptorisimqoasi
1105 4324 1245 4383 σθςκτικὴ,
1263 4326 1303 4375 scd
1321 4341 1368 4389 qus
1386 4326 1497 4377 Christus

345 4407 455 4459 omnibus
469 4409 654 4458 commendatur.
673 4408 699 4457 Si
713 4424 768 4457 vere
785 4407 870 4457 fnisset
887 4424 914 4459 sc
931 4406 1031 4474 proprio
1048 4408 1144 4457 nomine
1158 4404 1263 4466 ἐκιςολῆ
1279 4408 1409 4466 cesarius?
1420 4408 1496 4477 appel·

347 4491 409 4550 lsts,
428 4491 517 4540 mirum
534 4491 597 4540 foret
614 4491 756 4541 admodum
775 4487 970 4553 ἐγγεγραμμένκ
991 4488 1035 4539 οὐκ
1052 4485 1077 4539 ἐν
1094 4489 1175 4555 πλαξὶ
1192 4488 1299 4547 λιθίναις.
1329 4491 1375 4539 Sed
1394 4490 1496 4558 epistole

348 4573 542 4624 commendaticia
567 4573 659 4623 Christi
683 4589 726 4639 per
748 4572 922 4639 oppositionem
939 4573 1069 4623 rectissime
1088 4573 1122 4623 sic
1139 4573 1186 4623 dici
1203 4573 1290 4638 potuit.
1310 4574 1435 4625 Βθᾱθθὴοτ
1452 4574 1493 4623 hoc
1548 4642 1551 4650 Ι
