3192 5325
884 531 925 596 12

325 728 400 777 esse
424 713 664 796 neeessariam,
686 733 742 781 eos
762 717 880 783 fecisse
902 718 1096 786 coniicimus
1117 721 1203 801 quod
1219 734 1337 784 omnes
1349 716 1479 780 faciunt

325 818 382 898 qui
404 821 574 898 receptam
597 821 710 902 populi
732 823 834 888 fidem
856 826 1033 890 emendare
1056 827 1198 908 cupiunt
1221 827 1272 908 et,
1299 823 1386 905 quod
1406 821 1477 886 Mu·

325 922 513 989 hammedis
536 925 639 991 etiam
663 928 815 1010 exemplo
839 919 1064 1016 confirmatur,
1089 949 1163 998 sese
1185 934 1358 1014 propterea
1370 927 1478 993 redire

326 1028 410 1093 velle
443 1031 619 1110 perhibent
654 1035 696 1098 ad
731 1038 848 1100 vetera
879 1037 1039 1102 instituta
1071 1055 1155 1119 quae
1178 1037 1358 1118 insequens
1380 1037 1478 1100 aetas

324 1135 473 1212 neglexit
495 1142 532 1202 et
554 1141 748 1219 negligendo
772 1144 928 1224 corrupit.
954 1143 1017 1208 Sed
1041 1143 1126 1210 satis
1150 1145 1231 1210 haec
1255 1146 1338 1209 sunt
1360 1143 1402 1207 ad
1422 1158 1478 1205 ex·

325 1240 532 1325 plicandum,
567 1263 626 1310 our
649 1249 784 1332 Judaei,
811 1251 867 1330 qui
890 1250 1054 1316 maiorum
1078 1249 1286 1333 disciplinam
1305 1249 1478 1315 sectaban-

324 1348 390 1430 tur,
427 1367 496 1414 non
530 1354 702 1433 potuerint
735 1356 820 1420 ferre
855 1360 1035 1424 novatores
1069 1376 1191 1439 eosque
1222 1355 1389 1422 noluerint
1413 1359 1478 1421 τοῖς

325 1452 435 1517 ἔθνεσιν
469 1466 608 1530 λαλῆσαι
641 1456 689 1523 ἵνα
722 1463 862 1525 σωθῶσιν.
898 1463 1004 1529 Nemo
1038 1465 1132 1530 facile
1168 1465 1290 1530 dixerit
1313 1459 1479 1544 quomodo

327 1559 540 1630 Christianus
563 1566 662 1632 homo
686 1569 828 1635 scribere
851 1572 999 1652 potuerit
1022 1573 1059 1652 2,
1082 1572 1139 1653 163
1164 1587 1282 1637 omnes
1302 1568 1476 1634 difficulta-

324 1668 378 1731 tes
404 1677 635 1755 evanescent,
661 1676 691 1740 si
715 1678 908 1756 probabitur
930 1679 1075 1760 suspicio
1101 1679 1297 1759 scriptorem
1320 1677 1478 1741 nostrum

325 1791 364 1838 ea
387 1778 490 1842 verba
513 1783 712 1846 mutuatum
735 1799 810 1848 esse
830 1784 872 1849 ab
893 1783 1018 1850 Judaeo
1037 1784 1146 1866 aliquo
1165 1784 1205 1849 de
1225 1801 1263 1849 eo
1275 1782 1479 1848 novatorum

326 1896 462 1964 genere,
488 1902 571 1965 quos
594 1903 637 1951 ex
661 1888 805 1969 losepho
828 1893 863 1956 et
884 1891 1047 1956 Strabone
1066 1891 1294 1970 eognovimus.
1315 1889 1377 1953 Est
1396 1886 1479 1950 haeo

327 1990 525 2075 suppositio,
551 1993 592 2057 ad
616 2011 717 2074 quam
740 1996 776 2060 in
797 1998 1015 2078 sequentibus
1033 1997 1168 2077 saepius
1183 1993 1479 2072 nobisooufugien·

327 2093 408 2160 dum
432 2097 506 2162 erit.
531 2099 629 2164 Nunc
652 2103 737 2167 satis
760 2107 814 2168 est
838 2121 1018 2185 provocare
1040 2105 1081 2170 ad
1105 2105 1134 2187 3,
1164 2104 1222 2168 132
1248 2101 1479 2177 μεταστάντων

325 2207 383 2263 τῶν
407 2201 513 2286 ἁγίων,
538 2207 595 2271 ubi
619 2208 687 2272 fere
708 2211 893 2276 necessario
918 2211 1027 2277 sancti
1050 2211 1185 2276 Veteris
1204 2207 1416 2276 Testamenti
1429 2207 1478 2270 in·

327 2307 497 2389 telligendi
519 2316 617 2394 sunt,
642 2314 683 2378 cf.
710 2316 729 2379 2
753 2316 868 2382 Thess.
896 2319 924 2398 1,
952 2318 1012 2382 10:
1037 2317 1141 2386 ἕντοῖς
1156 2315 1476 2392 reformidemus.

327 2415 415 2495 Quin
448 2417 482 2480 et
518 2418 642 2484 dixeris
673 2439 724 2486 vs.
758 2424 787 2504 2,
825 2425 865 2488 18
897 2423 1091 2506 scriptorem
1115 2424 1238 2489 diserte
1262 2441 1336 2489 sese
1359 2423 1477 2488 distin-

326 2538 426 2600 guere
449 2524 596 2590 voluisse
618 2529 660 2592 ab
685 2545 738 2611 eo,
765 2546 866 2610 quem
888 2530 965 2594 alibi
988 2547 1101 2611 presse
1124 2530 1292 2611 sequitur;
1318 2546 1408 2593 nunc
1428 2528 1480 2592 de-

326 2646 423 2694 mum
449 2630 685 2717 intelligimus,
718 2654 777 2702 cur
813 2639 888 2702 tarn
912 2636 1138 2717 significanter
1161 2654 1283 2703 nornen
1308 2635 1481 2719 proprium

327 2736 512 2804 inseratur:
545 2741 606 2815 ἐγὼ
643 2741 699 2816 μὲν
731 2746 868 2813 Παῦλος.
893 2744 979 2809 Vide
1002 2744 1105 2809 etiarn
1129 2742 1208 2807 illud
1232 2741 1298 2805 καὶ
1325 2742 1478 2818 ἐνέκοψεν,

327 2844 385 2908 ubi
417 2845 504 2908 νὶιινα
529 2851 789 2929 exspectabatur
811 2852 937 2935 potius,
963 2855 998 2917 et
1025 2852 1155 2917 credere
1179 2852 1313 2916 videtur
1336 2849 1482 2931 scriptor

326 2952 397 3036 jam
421 2969 520 3017 nosse
543 2952 868 3040 Thessalonicenses,
894 2948 952 3023 cur
975 2959 1016 3023 ad
1040 2975 1076 3023 se
1095 2957 1210 3023 venire
1230 2975 1296 3022 non
1316 2955 1476 3037 potuerit.

374 3057 413 3122 In
437 3060 545 3141 capite
569 3062 668 3127 tertio
692 3064 849 3143 pauciora
872 3068 954 3128 sunt
976 3082 1060 3145 quae
1084 3063 1256 3128 offendunt
1279 3079 1341 3127 neo
1360 3065 1479 3127 tamen

329 3165 452 3229 desunt
487 3184 572 3247 quae
603 3166 736 3232 aliunde
758 3170 915 3235 desumta
938 3171 1104 3235 videntur.
1130 3170 1245 3235 Veluti
1267 3168 1480 3239 incommoda

330 3272 432 3335 verba
466 3275 549 3339 sunt
584 3291 667 3354 quae
700 3273 842 3353 legimus
879 3274 1011 3348 2b—52,
1047 3276 1173 3356 quibus.
1203 3275 1321 3340 deletis
1353 3276 1482 3355 reliqua

330 3376 436 3441 multo
456 3377 575 3443 melius
595 3382 725 3445 coeunt.
752 3382 875 3446 Totum
886 3382 996 3447 locum
1008 3382 1202 3460 relegamus.
1225 3381 1336 3447 Verba
1349 3382 1481 3447 suntin

330 3485 481 3548 extremo
506 3484 615 3565 capite
639 3488 801 3552 secundo:
825 3486 1061 3562 ἐσπουδάσαμεν
1085 3488 1119 3551 πὸ
1141 3486 1296 3563 πρόσωπον
1311 3489 1392 3560 ὑμῶν
1407 3486 1481 3551 ἰδεῖν

330 3589 359 3651 ἐν
385 3597 488 3668 πολλῇ
513 3590 679 3671 ἐπιθυμίᾳ,
705 3593 779 3655 διότι
806 3595 998 3668 ἠθελήσαμεν
1023 3594 1118 3656 ἐλθεῖν
1145 3595 1216 3669 πρὸς
1239 3594 1332 3668 ὑμᾶς.
1348 3644 1355 3659 .
1371 3640 1401 3659 ..
1426 3594 1481 3657 καὶ

330 3693 471 3772 ἐνέκοψεν
498 3696 581 3772 ἡμᾶς
605 3698 619 3760 ὁ
644 3703 804 3768 Σατανᾶς.
829 3700 954 3764 Deinde
978 3700 1094 3781 paucis
1118 3700 1325 3781 interpositis
1338 3718 1482 3781 sequun-

330 3806 388 3867 tur
411 3803 482 3887 illa,
508 3805 538 3888 3,
568 3808 605 3886 l;
631 3808 682 3870 2²:
708 3805 781 3869 διότι
807 3805 917 3880 μνκέπι
942 3801 1085 3879 eleum
1112 3806 1361 3882 νέθσιιιμήσαμεν
1380 3831 1482 3869 καπα-

330 3908 490 3988 λειφθῆναι
515 3911 546 3971 ἐν
568 3911 711 3984 Ἀθήναις
736 3912 817 3986 μόνον
843 3911 895 3973 καὶ
921 3912 1110 3988 ἐπέμψαμεν
1135 3912 1283 3986 Τιμόθεον
1308 3908 1371 3976 κπέ.
1395 3914 1481 3995 Quid

329 4016 383 4081 hio
405 4018 481 4083 addi
505 4022 617 4100 potest
641 4024 771 4100 praeter
796 4020 838 4086 εἰε
864 4018 897 4081 τὸ
923 4024 1034 4094 γνῶναι
1060 4026 1121 4095 (vs.
1149 4016 1207 4103 bb),
1233 4022 1295 4085 cet.
1326 4021 1481 4087 Primum

244 4149 246 4152 ’
331 4123 473 4206 scriptor
509 4128 583 4192 vult
617 4127 740 4207 aliquid
776 4127 951 4191 resciscere
986 4126 1025 4191 de
1061 4127 1214 4200 ecclesia,
1248 4145 1349 4207 quam
1382 4132 1482 4193 tanto

330 4249 426 4312 Opere
449 4235 572 4316 diligit,
605 4234 714 4308 μήπως
741 4234 898 4311 ἐπείρασεν
924 4232 1006 4306 ὑμᾶς
1031 4235 1043 4296 θ
1069 4231 1226 4311 πειράζων.
1251 4234 1322 4299 Hoc
1344 4234 1479 4313 audito,

329 4342 452 4421 poterit
486 4342 622 4406 demum
658 4341 741 4404 scire
774 4341 968 4405 debueritne
1000 4341 1193 4405 Timotheus
1226 4339 1481 4405 Thessalonicae

330 4464 465 4528 operam
489 4466 588 4513 suam
612 4446 758 4511 oonferre
783 4446 824 4513 εἰς
850 4445 882 4506 τὸ
910 4444 1029 4524 caprice
1052 4445 1132 4519 ὑμᾶς
1158 4447 1227 4525 uri,
1252 4464 1303 4511 vs.
1320 4447 1349 4509 2.
1363 4448 1480 4528 Atque

330 4553 410 4621 adeo
433 4567 684 4648 supervacanea
706 4551 809 4616 verba
833 4554 912 4615 suut
938 4547 1071 4635 htv—5¹¹,
1086 4553 1125 4615 ut
1149 4551 1251 4618 etiam
1275 4552 1348 4635 ipsa
1371 4569 1407 4618 re
1428 4570 1480 4621 su·
