3192 5325
910 527 975 593 156

362 711 434 774 stat
457 727 516 789 pro
538 710 669 775 ratione
691 711 849 776 voluntas
875 714 910 776 et
930 711 1085 775 divinum
1103 709 1280 776 arbitrium
1300 706 1336 773 in
1355 707 1433 774 solio
1451 707 1504 772 col·

363 815 499 879 locatur.
533 815 697 896 Quidquid
727 817 936 898 hominibus,
968 815 1126 898 quidquid
1159 815 1350 880 nationibus
1379 815 1502 892 evenit,

363 919 478 984 evenit
508 920 550 990 εἷς
583 916 706 994 ἔνδειξιν
729 930 784 993 τῆς
809 921 982 997 δυνάμεως,
1009 931 1063 995 τῆς
1089 922 1198 1004 ὀργῆς,
1223 924 1276 984 τοῦ
1302 919 1503 983 1911191111θὶ

364 1030 446 1101 (ves.
480 1027 537 1106 17;
563 1028 627 1104 22).
663 1027 720 1092 1119
753 1030 877 1111 reiicit,
902 1029 955 1094 1119
980 1029 1095 1094 servat
1119 1043 1227 1108 neque
1249 1043 1408 1106 umquam
1430 1025 1502 1102 cogi·

364 1134 421 1195 tur
443 1133 486 1197 ad
508 1133 656 1198 rationes
679 1135 873 1201 reddendas.

410 1237 516 1316 Magis
538 1239 643 1305 ctiam
667 1243 707 1305 ut
729 1244 889 1323 appareat
912 1240 1090 1306 discrimen
1114 1239 1203 1304 inter
1226 1239 1355 1318 6-16;
1381 1237 1502 1302 27-29

363 1346 399 1407 91
432 1345 582 1420 17-23,
613 1347 806 1425 quaerimus
836 1365 902 1428 quc
932 1347 968 1412 in
998 1345 1053 1412 ilie
1081 1345 1231 1426 pericope
1260 1344 1371 1419 salus,
1393 1342 1428 1410 in
1448 1342 1503 1406 hac

367 1449 575 1534 „induratio”
605 1451 778 1517 referatur.
812 1453 984 1534 Quaenam
1015 1452 1153 1517 tandem
1183 1450 1275 1514 sadus
1305 1448 1503 1529 portenditur

364 1555 405 1631 τῷ
440 1552 675 1630 transimare?
711 1558 809 1623 Certe
845 1558 985 1623 minime
1008 1557 1125 1622 Judaei
1149 1555 1305 1620 dicuntur
1329 1552 1504 1634 amplexuri

363 1676 438 1725 esse
463 1660 588 1727 Christi
613 1661 713 1728 fldem
736 1680 798 1729 199
820 1664 922 1729 timet
944 1663 1086 1743 scriptor
1103 1679 1147 1726 ne
1167 1659 1365 1724 ἐκπέπτωκεν
1387 1658 1502 1734 truc

364 1769 424 1828 τοῦ.
440 1766 516 1829 θεοῦ.
553 1768 674 1833 Salvus
696 1769 899 1852 9111191191,
926 1786 1006 1834 nam
1028 1767 1183 1833 divinum
1206 1768 1348 1861 verbum
1370 1783 1436 1830 191
1458 1781 1503 1844 po·

364 1873 446 1938 terit
468 1875 596 1938 eventu
618 1891 739 1939 (1116111.
766 1877 811 1937 Τὸ
834 1873 1015 1950 ὑπόλειμμα
1038 1873 1224 1945 reticeret:
1245 1873 1439 1937 desumtum
1450 1871 1504 1934 hot

364 1979 418 2042 est
449 1995 492 2042 ex
519 1979 597 2044 Vat.
631 1980 698 2045 Jes.
726 1982 777 2045 10.
805 1982 846 2046 22
870 1999 950 2063 sqq,
978 1980 1035 2045 ubi
1058 1979 1232 2045 referimnr
1256 1978 1298 2042 ad
1321 1980 1503 2042 extremum

364 2085 523 2149 octavum
548 2086 719 2152 saeculum
737 2088 820 2152 ante
840 2087 1023 2152 Christum.
1049 2085 1230 2151 Crudeliter
1247 2082 1444 2166 opprimitur
1454 2081 1503 2145 11-

364 2188 524 2254 daeorum
555 2192 647 2257 natio
675 2192 902 2258 dominatione
926 2189 1201 2273 Sargonidarum,
1228 2189 1444 2270 Assyriorum
1464 2202 1503 2249 re-

364 2311 458 2379 gum,
486 2313 630 2377 quorum
653 2299 744 2364 hisce
767 2299 948 2380 postremis
971 2295 1272 2362 1111919199111111
1295 2295 1429 2360 demum
1447 2308 1502 2357 me-

365 2402 471 2466 moria
493 2403 568 2468 ruit.
601 2402 707 2485 Capta
732 2401 883 2470 Samaria
906 2406 941 2468 91
964 2402 1136 2469 israelitas
1158 2401 1294 2467 abducti
1315 2400 1353 2464 in
1374 2398 1503 2465 servitu·

366 2509 449 2572 tem.
499 2507 699 2594 „Descendit
731 2509 781 2575 leo
812 2510 848 2574 in
881 2509 1055 2591 planitiem
1084 2511 1121 2572 et
1151 2508 1242 2586 rugit
1270 2506 1307 2570 in
1339 2503 1501 2570 desertis”.

366 2613 478 2679 Etiarn
509 2614 636 2681 Judaea
669 2615 786 2696 pendit
818 2616 986 2681 tributum
1017 2613 1178 2697 Assyriis.
1215 2611 1390 2678 Adversus
1412 2610 1503 2692 Syros

348 2737 422 2789 rex
446 2721 562 2786 Achaz
586 2722 750 2787 auritium
772 2723 947 2787 invocarat
968 2719 1324 2801 Theglathphalasaris.
1350 2718 1504 2783 Convene-

365 2828 444 2890 rant
467 2842 561 2905 reges
584 2826 788 2893 Damascum
812 2830 848 2892 et
870 2828 906 2892 in
930 2844 969 2893 eo
992 2828 1163 2893 conventu
1181 2825 1297 2891 Achaz
1320 2825 1504 2903 degenerem

366 2932 517 2996 animum
549 2932 688 2998 minime
719 2933 851 2999 celarat.
884 2934 994 3012 Turpe
1023 2930 1216 3011 exemplum
1243 2929 1403 2994 Ezechias
1424 2926 1503 2992 iiius

366 3037 542 3118 imitatus,
567 3056 632 3119 quo
656 3042 806 3119 tempore
831 3037 1054 3103 Sennacherib
1077 3035 1364 3117 appropinquabat
1381 3035 1422 3099 ad
1440 3032 1504 3096 Hie-

366 3142 533 3225 rosolyma
555 3144 794 3226 oppugnanda,
817 3144 944 3222 legatos
964 3143 995 3208 ei
1014 3141 1149 3207 obviam
1168 3140 1264 3205 misit
1282 3140 1339 3221 qui
1352 3138 1502 3204 dicerent:

366 3248 501 3313 Faciam
531 3248 690 3330 quidquid
722 3250 949 3329 imperaveris.
976 3247 1107 3328 Arripit
1131 3246 1191 3312 hoc
1214 3246 1433 3329 Assyriorum
1453 3258 1503 3307 rex

364 3354 528 3434 aedesque
552 3354 694 3433 spoliata
716 3354 879 3419 trecentis
903 3353 1042 3419 talentis
1066 3352 1197 3432 argenti
1219 3354 1255 3417 et
1275 3351 1414 3430 triginta
1426 3346 1502 3426 auri,

366 3476 450 3540 quae
482 3460 601 3523 tributi
632 3460 769 3524 nomine
792 3460 1024 3539 penderentur.
1051 3458 1178 3523 Crescit
1201 3456 1355 3521 hostibus
1378 3451 1504 3520 audacia

367 3565 578 3644 mittuntque
601 3564 739 3629 tandem
761 3565 820 3645 qui
843 3564 908 3646 ipsi
931 3580 1065 3629 summo
1087 3562 1156 3627 Deo
1177 3564 1257 3627 ante
1281 3560 1414 3626 moenia
1424 3555 1505 3623 urbis

366 3669 515 3734 convicia
535 3669 669 3734 faciant.
691 3670 782 3750 Quod
794 3687 873 3734 curn
884 3669 1036 3734 audisset
1047 3668 1221 3750 Ezechias,
1235 3667 1322 3748 quod
1334 3667 1371 3731 in
1383 3677 1504 3731 summo

366 3774 459 3863 luctu
486 3774 593 3840 119919
625 3776 791 3858 solebant,
819 3774 918 3839 scidit
940 3774 1147 3839 vestimenta
1167 3773 1303 3855 jamque
1325 3771 1362 3836 in
1384 3787 1423 3836 99
1444 3768 1506 3833 9111

365 3881 506 3943 119111
529 3879 649 3959 populo
671 3882 863 3945 extremum
887 3879 1066 3944 discrimen
1089 3878 1197 3944 adiret
1221 3894 1409 3959 manusque
1421 3874 1504 3941 daret

366 3983 530 4049 exercitui
555 3984 683 4049 victori.

412 4089 511 4154 Unus
533 4092 617 4155 tunc
639 4090 722 4171 fuit,
747 4090 913 4171 Propheta
932 4090 1083 4173 quidam,
1106 4090 1163 4170 qui
1183 4088 1369 4155 admirabili
1380 4084 1506 4153 audacia

367 4211 439 4260 rem
461 4194 621 4259 restituit.
646 4195 743 4259 Η119
767 4193 960 4274 civitatem,
985 4195 1113 4277 inquit,
1138 4194 1249 4260 hostis
1272 4211 1339 4259 non
1361 4189 1504 4273 ingredie-

366 4303 423 4364 tur
447 4299 481 4381 (2
507 4300 587 4378 Reg.
615 4301 672 4382 19,
702 4300 743 4364 10
751 4320 759 4380 ;
785 4299 850 4376 33).
887 4299 1030 4381 Assyria
1060 4316 1181 4365 nemus
1208 4303 1277 4380 991,
1303 4299 1339 4363 11
1361 4316 1426 4380 quo
1447 4311 1505 4378 pro-

367 4404 500 4486 pediem
531 4405 662 4470 cicadae
694 4404 789 4469 humi
820 4406 952 4469 canent.
991 4404 1099 4486 Turpe
1128 4404 1182 4471 991
1204 4404 1324 4470 timere
1347 4402 1502 4487 Assyrios.

368 4510 492 4577 Veniet
515 4510 602 4593 (1199,
627 4528 692 4591 quo
727 4510 761 4573 τὸ
787 4507 987 4585 ὑπόλειμμα,
1013 4509 1047 4573 τὸ
1074 4508 1286 4591 καταλειφθὲν
1310 4512 1363 4575 τοῦ
1389 4502 1502 4587 ’rosch
