3192 5325
871 459 937 523 200

329 648 446 713 auctor
478 641 560 724 tuit,
593 642 712 707 statim
742 645 785 707 ab
816 641 912 707 initio
936 642 977 707 ad
1002 641 1146 722 reliquas
1170 643 1279 705 sertas
1303 639 1381 704 nihil
1406 656 1476 721 per-

328 752 483 819 tinuisse.
518 749 735 815 interfecerat
765 765 845 814 eum
868 747 1034 830 HerodeS,
1060 748 1113 812 uti
1134 743 1301 828 ‘iosephus
1325 745 1476 826 perhibet

330 855 502 924 Asohaool.
529 856 579 940 18,
606 857 635 939 5,
662 857 691 940 2,
717 854 786 924 τοὺς
808 853 968 923 Ἰουδαίους
990 853 1172 942 κελεύοντα,
1194 852 1477 932 άρετήνέπασκοῦν-

330 985 388 1032 τας
528 958 702 1039 βαπτισμῷ
722 959 884 1038 συνιέναι·
918 957 994 1024 οὕτω
1026 961 1088 1039 γάρ
1114 959 1149 1031 δή
1170 959 1221 1022 καὶ
1247 957 1301 1030 τήν
1324 956 1476 1035 βάπτισιν

330 1068 502 1142 άποδεκπήν
525 1049 616 1145 αὐτῷι
634 1069 821 1146 φανεῖσθαι,
842 1067 887 1143 μή
909 1066 958 1130 ἐπὶ
979 1073 1063 1130 τινῶν
1084 1065 1271 1144 άμαρτάδων
1293 1065 1477 1145 παραιτήσει

330 1174 503 1255 χρωμένων,
527 1174 603 1236 ἀλλ’
629 1173 679 1253 ἐφ’
703 1173 816 1254 truste
840 1177 893 1237 τοῦ
917 1173 1078 1250 σώματος,
1101 1171 1159 1236 άτε
1178 1172 1212 1245 δή
1233 1172 1284 1236 καὶ
1304 1175 1477 1252 τήςψυχής

330 1280 501 1359 δικαιοσύνη
520 1278 851 1358 προεκκεκαθαρμένης.
877 1282 941 1346 Hic
965 1281 1078 1346 Verbis
1102 1279 1146 1355 μή
1167 1278 1215 1342 ἐπὶ
1237 1284 1380 1342 πινῶν-
1398 1300 1478 1356 χριο-

330 1388 424 1466 μένων
456 1405 524 1453 nou
546 1388 724 1469 respicitur
746 1388 835 1452 aliud
859 1387 1019 1468 baptismi
1042 1403 1149 1468 genus
1171 1387 1259 1468 quod
1281 1386 1400 1450 fuisset
1426 1383 1475 1446 ἐπὶ

329 1494 514 1575 παραιτήσει
552 1492 739 1571 ἁμαρτάδων
774 1497 811 1558 61
842 1511 862 1558 6
893 1510 958 1574 quo
989 1492 1159 1558 Johannes
1189 1493 1310 1558 fuisset
1333 1493 1477 1571 alienus3

328 1605 397 1668 imo
428 1601 615 1680 urgendum
645 1604 699 1665 est
726 1617 910 1680 pronomen
936 1599 1031 1664 τινῶν.
1068 1599 1259 1681 iohannes,
1297 1615 1377 1662 nam
1399 1598 1479 1661 haee

329 1714 383 1777 est
405 1707 541 1788 Josephi
564 1723 678 1789 mens,
704 1705 905 1786 postulabat
920 1706 1103 1788 perfectam
1126 1705 1327 1785 puritatem,
1351 1703 1477 1780 ἁγνείαν
1538 1711 1539 1715 ’

330 1821 383 1880 τοῦ
407 1815 550 1890 σώματος
575 1812 627 1874 καὶ
652 1820 707 1885 τῆς
731 1817 839 1890 ψυχῆς
859 1812 973 1892 itaque
995 1811 1179 1876 secundum
1194 1827 1273 1875 eum
1292 1811 1478 1890 baptismus

329 1926 403 1990 6161
438 1921 486 1984 ἐπὶ
523 1921 708 1996 παραιτήσει
745 1922 882 1985 πασῶν
918 1915 1105 1992 ἁμαρτάδων
1123 1917 1158 2000 ¹).
1192 1916 1285 1980 1116111
1316 1915 1477 1996 Josephus

330 2029 450 2095 tribuit
472 2026 618 2092 Johanni
640 2041 799 2105 magnam
819 2024 907 2105 apud
929 2023 1088 2104 populum
1108 2022 1356 2087 auctoritatem.
1381 2021 1479 2086 Hero-

330 2137 390 2200 dds
424 2152 504 2199 611111
533 2131 677 2197 interfici
703 2131 817 2213 jubet:
850 2127 956 2193 πάντα
987 2130 1050 2206 γάρ
1083 2126 1216 2209 ἐῴκεσαν
1247 2127 1410 2206 συμβουλῇ
1442 2135 1478 2206 πή

331 2240 443 2304 ἐκείνου
468 2236 653 2315 πράξοντες·
678 2237 751 2302 ideo
773 2236 923 2302 Herodes
948 2235 1026 2298 πολὺ
1052 2241 1187 2313 κρεῖττον
1212 2235 1336 2310 ήχεῑται
1363 2233 1430 2313 πρΙυ
1450 2256 1478 2297 τι

332 2346 467 2424 νεώτερον
500 2341 543 2417 ἐξ
564 2343 659 2406 αὐτοῦ
691 2339 852 2425 γενέσθαι,
880 2388 909 2404 ..
929 2389 960 2404 ..
985 2341 1118 2417 άναιρεῑν
1150 2341 1167 2414 ή
1192 2339 1377 2415 μεταβολάς
1401 2362 1480 2418 νενο-

330 2452 422 2528 μένηι
456 2451 497 2520 εἷς
529 2449 572 2513 τά
602 2447 786 2524 πράγματα
810 2447 950 2522 ἐμπεσὼν
975 2454 1148 2522 μετανοεῖν.
1174 2447 1275 2529 Apud
1300 2449 1479 2529 Josephum

331 2559 502 2624 iohannes
524 2556 645 2637 plenus
667 2553 882 2619 auctoritatis
907 2557 977 2636 est,
1003 2554 1060 2635 qui
1084 2552 1243 2635 populum
1260 2552 1406 2635 quolibet
1425 2554 1479 2618 im-

332 2665 451 2747 pellere
473 2666 602 2744 potest,
630 2657 849 2725 Savonarolae
872 2659 990 2743 instar,
1017 2678 1037 2725 a
1061 2678 1125 2741 quo
1150 2661 1263 2725 metus
1287 2664 1341 2726 est
1364 2679 1406 2727 ne
1425 2661 1479 2741 im-

278 2765 283 2770 ⁴
332 2770 463 2851 perium
495 2768 530 2832 in
561 2766 700 2847 imperio
723 2765 862 2830 initium
887 2766 1006 2848 capiat.
1033 2765 1091 2828 Καὶ
1118 2764 1312 2843 ἐξεπορεύετο
1336 2768 1407 2845 πρὸς
1431 2767 1479 2829 αὐ-

332 2876 383 2939 τὸν
418 2877 510 2938 πάσα
545 2875 562 2948 ή
597 2863 734 2936 Ἰουδαία
763 2874 870 2952 χώρα,
902 2873 955 2937 uu
986 2873 1118 2938 Marcus
1150 2876 1266 2939 narrat
1300 2876 1328 2957 1,
1357 2876 1386 2939 5.
1420 2873 1480 2938 Hie

332 2977 522 3048 animorum
557 2983 671 3045 motus
704 2981 778 3043 tam
813 2978 925 3057 gravis
961 2981 1029 3061 est,
1067 2980 1107 3043 ut
1143 2979 1325 3063 Josephus,
1359 2980 1416 3061 qui
1444 2978 1480 3042 de

334 3089 465 3153 Christo
487 3089 595 3169 tacet,
618 3102 697 3149 eum
721 3100 906 3149 memorare
930 3100 1067 3149 neeesse
1086 3084 1240 3149 habuerit
1259 3084 1480 3165 addideritque

333 3194 474 3260 Herodis
506 3192 632 3258 cladem
662 3190 774 3255 Visam
804 3189 908 3255 fuisse
942 3197 1004 3261 τοῖς
1037 3189 1191 3260 ’1ουδα1οις
1217 3188 1266 3251 ἐπὶ
1292 3188 1421 3272 τιμωρία
1445 3196 1479 3267 πή

334 3300 445 3364 ἐκείνου
480 3297 529 3361 ἐπὶ
566 3297 608 3377 τῷ
644 3295 838 3374 ςρατεθματι
870 3294 1031 3372 γενέσθαι,
1064 3300 1118 3359 τοῦ
1151 3296 1216 3361 θεοῦ
1248 3300 1350 3367 κακῶς
1374 3293 1480 3375 Ἡρώδη

335 3404 471 3473 θέλοντος
497 3403 610 3486 (ibid).

383 3510 469 3575 Cum
493 3508 534 3572 iis
558 3524 642 3589 quae
665 3524 767 3589 supra
789 3508 830 3573 de
853 3509 907 3574 illo
931 3509 1120 3574 animorum
1140 3511 1237 3574 motu
1257 3510 1478 3589 exposuimus,

335 3614 542 3682 conveniunt
572 3613 685 3677 omnia
716 3631 800 3694 quae
825 3615 861 3679 in
886 3614 1126 3696 Apostolorum
1149 3614 1248 3679 Actis
1271 3616 1311 3679 de
1335 3615 1480 3681 Joharme

335 3722 527 3787 traduntur.
563 3717 677 3783 Veluti
707 3737 810 3799 quam
842 3720 965 3785 diserte
998 3720 1069 3801 ipse
1102 3721 1202 3785 Jesus
1229 3722 1256 3804 1,
1284 3721 1322 3785 5:
1347 3719 1480 3789 Ἰωάννης

294 3814 297 3817 ’
335 3826 393 3903 μὲν
413 3823 586 3903 ἐβάπτισεν
610 3821 718 3897 ὕδατι,
742 3824 828 3899 ὑμεῖς
853 3824 884 3889 δὲ
903 3824 1154 3902 βαπτισθήσεσθε
1175 3826 1205 3888 ἕν
1226 3824 1383 3901 πνεύματι
1397 3826 1480 3904 eyia

336 3934 507 3999 iohannes
529 3947 597 3995 non
620 3933 760 3995 tontum
783 3932 986 4013 baptizavit,
1014 3932 1071 3997 sed
1095 3932 1199 3997 etiam
1220 3933 1256 3997 in
1277 3933 1481 4000 contionibus

336 4038 544 4119 baptismum
566 4037 830 4119 commendavit,
859 4038 910 4118 10,
932 4037 993 4118 37;
1018 4038 1071 4119 13,
1095 4038 1146 4101 24.
1183 4037 1321 4119 Apolios
1343 4039 1480 4105 Alexan-

336 4144 453 4208 drinus
475 4144 529 4205 661
548 4139 765 4220 κατηχημένος
787 4143 841 4216 τήν
862 4140 924 4205 ὁδὸν
946 4145 999 4205 τοῦ
1019 4142 1118 4221 κυρίου
1138 4142 1205 4227 (18,
1221 4144 1283 4224 25),
1298 4148 1481 4209 notamen

338 4250 452 4316 minus
472 4244 656 4323 ε’πιςάμενος
677 4247 791 4324 μθνον
811 4249 845 4313 τὸ
865 4246 1040 4326 βάπτισμα
1054 4246 1200 4312 Ἰωάννου.
1226 4249 1352 4316 Paulus
1364 4247 1480 4332 Ephesi

334 4411 537 4423 „...—.....-.

373 4484 400 4549 1)
418 4483 542 4531 Alteruter
557 4484 666 4531 nostrum
682 4481 754 4532 oliam
770 4482 912 4533 sententiam
928 4486 1020 4533 tutatus
1038 4485 1088 4543 est,
1107 4482 1194 4533 Mnem.
1214 4482 1303 4531 xxiv.
1332 4482 1390 4532 281.
