3192 5325
898 493 961 557 128

349 691 423 743 esse
453 676 571 743 sentit.
602 677 693 743 Vero
725 676 859 741 nomine
890 676 1009 741 iithica
1039 693 1107 740 una
1138 678 1174 739 et
1197 673 1340 753 simplex
1361 674 1417 736 est
1438 686 1492 735 nec

312 871 315 875 ι
349 783 451 848 refert
481 785 599 848 utrum
633 782 740 865 Moysi
773 799 891 863 pareas
913 799 958 846 an
981 780 1046 861 legi
1068 779 1213 846 naturali
1237 780 1312 863 (vs,
1329 780 1392 855 14).
1417 778 1492 841 Tam

349 889 432 957 nihil
462 889 617 973 interest,
645 891 685 954 nt
709 888 858 954 Naturae
882 888 1118 954 convenienter
1142 888 1222 952 dum
1246 886 1360 959 vivas,
1386 898 1491 965 parere

350 995 459 1076 possis
493 994 656 1060 Mosaicae
690 994 771 1076 legi,
805 1010 907 1075 quem
936 993 1078 1072 ignoras.
1111 993 1229 1074 Itaque
1260 992 1341 1057 nihil
1364 992 1419 1056 est
1440 1006 1490 1053 cur

351 1118 553 1183 quemquam
583 1101 689 1182 iniqui
715 1100 828 1183 judicii
860 1099 1048 1182 poeniteat,
1079 1117 1145 1165 non
1176 1100 1267 1163 enim
1289 1096 1490 1163 adhibebitur

351 1223 469 1272 norma
502 1207 627 1286 ignote
662 1207 857 1287 Antequam
891 1205 982 1271 Deus
1014 1205 1177 1286 judicium
1207 1201 1487 1286 pronunciaverit,

350 1311 425 1393 ipsa
444 1316 504 1377 tua
523 1313 654 1393 propria
675 1311 879 1378 conscientia
898 1310 963 1394 (vs.
979 1314 1032 1387 15)
1054 1312 1125 1393 jam
1149 1313 1208 1375 aut
1228 1313 1264 1375 te
1284 1308 1426 1374 absolvit
1437 1308 1490 1371 aut

352 1418 597 1483 condemnavit
620 1418 738 1499 ltaque
760 1417 842 1481 adeo
862 1434 929 1481 non
941 1417 1025 1482 vitio
1037 1418 1136 1482 datur
1148 1418 1280 1481 cunctis
1292 1414 1488 1493 Gentilibus,

352 1524 439 1605 quod
460 1523 569 1590 Deum
592 1524 795 1589 invisibilem
818 1540 885 1587 non
909 1527 1113 1603 agnoscunt,
1134 1526 1174 1587 ut
1193 1523 1265 1588 fieri
1288 1540 1383 1603 posse
1396 1518 1491 1586 creda·

354 1632 420 1711 tur,
452 1633 493 1694 ut
516 1631 744 1712 obsequantur
763 1628 828 1708 legi
847 1628 1010 1693 Mosaicae
1030 1630 1168 1711 eiusque
1185 1629 1292 1711 primo
1316 1628 1491 1710 praecepto.

398 1736 451 1801 Ex
478 1740 542 1813 §a
575 1735 810 1818 consequitur:
841 1735 907 1801 noli
935 1735 1083 1817 judicare
1105 1736 1146 1800 de
1169 1735 1355 1815 universis,
1383 1732 1439 1798 sed
1459 1732 1492 1795 de

356 1840 506 1921 singulis.
539 1843 645 1925 Bene,
678 1842 789 1923 inquit
820 1842 849 1907 is
878 1843 934 1922 qui
958 1845 976 1918 ἓ
1000 1842 1018 1905 b
1042 1842 1191 1923 scripsit,
1217 1860 1253 1907 re
1277 1841 1426 1906 nondum
1447 1854 1492 1902 en-

355 1946 485 2028 plorata
507 1948 548 2013 de
571 1948 697 2014 Gentiii
719 1966 788 2013 non
812 1948 936 2028 poteris
959 1948 1126 2013 affirmare
1150 1966 1229 2013 eum
1247 1947 1390 2029 impuris
1409 1943 1492 2009 vitiis

357 2070 432 2119 esse
454 2054 614 2119 deditum.
1396 2041 1399 2047 ’

401 2160 548 2239 Longius
572 2162 781 2242 progreditur
804 2162 858 2227 cui
883 2162 1043 2227 debemus
1066 2166 1084 2239 5
1108 2180 1125 2225 c
1145 2158 1491 2244 (vss.17—25).Huc·

356 2284 464 2347 usque
495 2266 646 2333 Gentiles
672 2267 951 2348 defendebantur3
987 2284 1076 2332 nunc
1107 2267 1225 2333 iudaei
1248 2266 1489 2349 oppugnantur,

356 2390 464 2453 neque
487 2374 534 2438 ilii
556 2373 712 2456 culpandi
735 2376 850 2457 erunt,
878 2375 907 2439 si
930 2374 983 2438 his
1007 2374 1241 2439 maledixerint
1264 2381 1326 2450 (vs.
1352 2374 1414 2448 24).

401 2479 441 2544 in
472 2480 642 2563 §dbrss
669 2480 817 2564 26-29)
840 2482 954 2560 partes
978 2483 1157 2545 mutantur
1181 2480 1339 2560 sedetque
1362 2473 1491 2543 Gentiiis

352 2585 456 2668 judex
490 2585 526 2649 in
557 2586 720 2652 Iudaeum
749 2586 799 2649 τὸν
832 2585 882 2649 irai
914 2592 1079 2664 περιτομῆς
1112 2584 1312 2664 παραβάτην.
1351 2583 1412 2666 Qui
1441 2582 1492 2645 hot

356 2692 493 2772 scripsit
524 2692 672 2760 Judaens
702 2696 755 2760 est
785 2694 880 2775 eique
904 2685 1102 2776 persuasum.
1124 2699 1194 2776 est,
1219 2695 1384 2759 virtutem
1407 2686 1491 2764 Legis

356 2798 587 2869 observatione
616 2800 796 2884 contineri,
823 2801 880 2865 sed
904 2817 964 2866 nec
988 2802 1193 2866 circumcisio
1217 2799 1428 2882 perfectionis
1448 2794 1492 2857 est

357 2905 534 2988 indicium,
572 2923 633 2972 nec
668 2906 883 2988 praeputium
914 2925 974 2972 nos
1005 2925 1026 2973 a
1056 2910 1185 2974 virtute
1208 2907 1352 2972 abducit.
1378 2897 1491 2971 iudaici

357 3011 505 3078 nominis
536 3013 745 3094 praestantia
774 3014 817 3078 ab
840 3029 973 3094 corpore
998 3016 1201 3080 transfertur
1224 3015 1267 3079 ad
1289 3013 1394 3079 animi
1416 3007 1490 3074 indo·

274 3195 276 3197 g
358 3118 435 3183 lem.
461 3118 551 3184 Nihil
573 3121 675 3185 refert
698 3120 790 3185 sisne
813 3120 961 3186 iudaeus
980 3137 1098 3199 genere
1117 3139 1161 3186 an
1182 3119 1344 3186 Gentilis:
1364 3118 1398 3184 id
1410 3129 1492 3198 quae·

359 3226 445 3290 ritur
477 3227 584 3306 qualis
615 3226 644 3288 ἐν
669 3227 709 3304 τῷ
735 3226 855 3304 κρυπτῷ
881 3227 938 3291 sis.
963 3227 1017 3292 Sis
1040 3229 1137 3293 modo
1160 3227 1290 3306 integer
1312 3225 1419 3304 vitae,
1442 3234 1491 3284 nec

360 3332 551 3398 curabimus
572 3335 690 3399 utrum
715 3333 801 3397 idola
823 3334 908 3397 sorte
931 3333 1047 3398 adores
1071 3349 1131 3398 nec
1155 3350 1198 3398 ne
1221 3333 1275 3415 (cf.
1302 3335 1331 3416 i,
1358 3331 1423 3415 23).

406 3437 534 3518 Nempe
554 3456 724 3520 quousque
740 3455 913 3519 progressa
926 3440 972 3504 sit
983 3438 1003 3503 J
1007 3439 1187 3504 udaeorum
1198 3438 1403 3520 arrogantia,
1416 3429 1490 3498 haud

360 3545 498 3610 obscure
524 3545 673 3609 indicant
696 3563 765 3610 vss.
793 3547 834 3610 19
859 3563 929 3626 sqq.
962 3535 1066 3611 Erant
1088 3545 1191 3624 igitur
1209 3545 1346 3628 iudaei,
1369 3543 1424 3625 qui
1441 3535 1492 3604 sibi

359 3650 442 3731 ipsis
473 3667 547 3716 esse
573 3651 775 3716 videbantur
797 3667 970 3716 caecorum
993 3651 1094 3717 duces
1118 3654 1153 3716 et
1176 3653 1289 3716 lumen
1312 3667 1426 3716 eorum
1446 3641 1491 3725 qui

359 3757 396 3821 in
419 3756 567 3822 tenebris
593 3759 699 3821 erant.
724 3757 830 3821 Erant
854 3756 1025 3822 israelitae
1048 3757 1105 3838 qui
1124 3758 1213 3822 idem
1229 3757 1315 3839 juris
1337 3757 1400 3821 sibi
1418 3753 1491 3820 adro·

359 3864 485 3943 gabant
507 3863 543 3927 in
567 3862 734 3944 GentileS,
759 3861 847 3943 quod
866 3863 976 3927 Verbo
996 3861 1158 3927 tribuitur
1176 3863 1212 3926 in
1231 3861 1491 3926 iohannislivan·

361 3970 445 4050 gelio
476 3969 527 4047 (cf.
557 3970 631 4034 Joh.
669 3970 733 4054 10).
758 3970 866 4034 Erant
889 3969 945 4049 qui
969 3971 1004 4034 vi
1028 3969 1116 4035 uitro
1141 3969 1249 4051 illata,
1274 3970 1373 4034 aedes
1397 3978 1491 4034 sacras

362 4076 502 4157 spoliare
537 4077 662 4142 velient
696 4080 731 4141 et
766 4075 904 4142 deiicere
939 4075 1035 4154 signa
1065 4075 1212 4141 deorum.
1258 4075 1354 4141 Tales
1381 4073 1492 4140 aelctae

362 4183 576 4248 acerbissime
599 4183 808 4262 castigantur
834 4181 969 4246 eximiis
994 4181 1148 4248 laudibus
1172 4183 1334 4264 sapientis
1356 4179 1441 4247 domi
1458 4175 1491 4238 la·

361 4289 513 4369 titant'ls,
538 4292 591 4352 τοῦ
616 4288 647 4360 ἐν,
670 4289 712 4368 τῷ
737 4287 859 4368 κρυπτῷ
886 4284 1080 4366 Ἰουδαίουῐ),

399 4528 425 4589 1)
442 4528 499 4593 Cep.
516 4528 542 4586 2,
559 4527 576 4576 2
593 4522 724 4575 rectissime
739 4523 851 4589 conjungi
867 4523 957 4590 poterit
974 4541 1028 4574 curn
1044 4524 1066 4584 l,
1086 4521 1141 4585 ab,
1163 4541 1236 4590 neque
1253 4525 1282 4574 sd
1298 4489 1431 4582 ἀλλήλους.
