3192 5325
902 575 966 642 258

404 761 482 826 Mox
505 764 687 842 antequam
712 762 891 843 discipulos
916 761 1027 826 valere
1048 761 1162 843 jubet,
1187 760 1378 825 instituitur
1400 779 1482 826 sacra-

358 871 513 933 mentum
544 868 666 948 pedum
700 867 898 950 ablutionis,
933 884 997 947 quo
1025 867 1097 948 jam
1120 869 1199 932 ante
1222 866 1430 947 impugnatur
1448 867 1482 929 nl·

358 972 427 1036 mia
460 973 515 1038 illa
550 973 637 1036 inter
668 973 789 1038 tratres
820 973 1000 1048 severitas,
1033 988 1142 1054 aqua
1166 974 1302 1036 tantum
1325 972 1483 1052 periculum

357 1077 522 1143 Ecclesiae
545 1079 816 1160 portendebatur.

402 1184 527 1251 Deinde
556 1203 659 1265 quam
691 1187 808 1250 tenera
831 1189 866 1250 et
888 1185 1041 1250 caritatis
1066 1184 1260 1264 plenissima
1284 1185 1382 1248 11111
1402 1184 1481 1247 sunt!

356 1290 405 1355 Ne
439 1291 596 1355 turbetur
626 1307 681 1355 cor
704 1293 869 1355 vestrum.
905 1291 946 1354 In
970 1291 1068 1355 domo
1092 1290 1203 1355 Patris
1226 1291 1293 1354 mei
1316 1289 1482 1354 mansiones

355 1396 481 1460 multae
513 1398 611 1476 sunt3
644 1396 731 1461 vado
754 1412 871 1476 parare
894 1396 990 1460 vobis
1012 1395 1131 1460 locum.
1157 1396 1292 1474 Rogabo
1314 1395 1438 1460 Patrem
1456 1396 1483 1457 et

354 1500 457 1564 alium
492 1500 702 1565 Paracletum
736 1501 831 1565 dabit
858 1501 970 1584 vobis,
1004 1502 1061 1581 qui
1093 1502 1248 1580 suggeret
1278 1501 1372 1566 vobis
1392 1499 1483 1564 omnia

354 1623 583 1686 quaecumque
606 1606 719 1670 dixero
742 1607 848 1671 vobis.
873 1607 1118 1672 Haeclocutus
1142 1623 1218 1671 sum
1238 1607 1350 1687 nobie,
1371 1607 1407 1669 ut
1423 1621 1483 1682 gau·

353 1711 446 1776 dium
478 1714 634 1777 vestrum
662 1711 851 1792 impleatur.
883 1713 960 1777 Jam
994 1730 1060 1777 non
1092 1712 1164 1777 dico
1196 1729 1258 1776 vos
1288 1728 1414 1790 servos;
1435 1725 1482 1773 vos

353 1817 453 1883 amici
483 1817 550 1880 mei
578 1817 672 1881 13113.
707 1817 859 1881 Tristitia
890 1821 1006 1882 vestra
1037 1820 1191 1883 vertetur
1222 1817 1258 1880 in
1290 1816 1437 1896 gaudium
1456 1815 1484 1876 ct

354 1922 513 2000 gaudium
537 1925 690 1987 vestrum
702 1927 813 1998 nemo
837 1922 931 1987 tollet
952 1939 972 1986 a
993 1923 1099 1988 vobis.
1122 1924 1198 2004 ipse
1217 1922 1319 1988 Pater
1330 1922 1416 1987 amat
1426 1934 1481 1982 vos.

353 2027 393 2089 In
417 2028 541 2092 mundo
565 2045 758 2107 pressuram
781 2029 964 2111 habebitis,
991 2029 1047 2093 sed
1071 2029 1234 2093 confidite.

398 2131 484 2197 Oum
513 2133 567 2196 his
598 2133 710 2197 verbis
732 2134 892 2198 convenit
917 2151 1012 2215 cura,
1038 2151 1140 2215 quam
1163 2133 1395 2214 discipulorum
1415 2129 1483 2210 gerit

216 2287 218 2291 .
352 2241 531 2319 postquam
543 2239 579 2302 in
592 2237 757 2303 Torculari
769 2242 890 2320 captus
903 2243 957 2305 est
968 2240 1001 2323 ¹).
1015 2240 1110 2306 Servi
1121 2239 1289 2306 auriculae
1296 2241 1338 2304 ab
1347 2237 1481 2319 discipulo

350 2344 520 2409 abscissae
538 2345 701 2409 medetur.
715 2343 791 2410 Non
803 2344 898 2427 alapa
910 2363 989 2410 eum
1001 2347 1041 2410 de
1053 2348 1148 2412 statu
1161 2346 1273 2427 deJioit
1286 2343 1323 2429 53).
1342 2344 1484 2410 Continuo

350 2452 445 2530 post:
466 2450 573 2514 Esou
593 2450 731 2533 HOMO,
746 2468 854 2532 quem
867 2468 984 2517 omnes
995 2452 1220 2536 admirantur,
1236 2469 1334 2518 nemo
1347 2447 1482 2516 oblivisci·

350 2558 421 2636 tur,
443 2559 605 2636 tanquam
624 2556 693 2620 aeri
703 2555 894 2637 insculptus
906 2560 959 2622 est
971 2558 1123 2623 cordibus
1135 2557 1330 2622 mortalium
1341 2554 1482 2638 quotquot

350 2661 459 2726 vitam
481 2660 639 2742 patimur.
664 2661 713 2727 De
737 2680 833 2728 cruce
846 2664 1058 2742 commendat
1075 2667 1220 2729 matrem
1232 2664 1481 2743 discipuloquem

352 2766 508 2846 diligebat
530 2770 566 2833 et
590 2769 661 2833 exit
684 2768 817 2833 diversa
839 2769 949 2849 imago
972 2770 1014 2835 ab
1038 2788 1077 2835 ea
1101 2787 1185 2851 quae
1209 2770 1397 2852 depingitur
1415 2766 1479 2829 Luc.

351 2875 388 2956 2,
416 2873 565 2955 46111,
590 2874 710 2939 Matth.
735 2876 795 2950 12,
820 2875 862 2940 46
887 2892 957 2956 sqq.
983 2876 1036 2941 vel
1060 2876 1202 2957 denique
1225 2875 1298 2939 Joh.
1325 2876 1360 2957 2,
1386 2875 1413 2937 4.

376 3048 377 3051 ,
395 2978 486 3059 Quod
509 2979 613 3045 Maria
630 2995 698 3044 uno
716 2982 817 3045 verbo
841 2980 955 3045 audito
967 2984 1043 3061 post
1056 2980 1334 3046 resurrectionem
1345 2979 1371 3063 3)
1383 2978 1481 3043 iesum

351 3085 519 3169 agnoscit,
544 3086 703 3150 convenit
726 3103 805 3150 cum
827 3084 881 3150 illo
907 3082 1019 3164 ripam
1043 3087 1116 3153 Joh.
1145 3088 1173 3151 1.
1198 3086 1262 3151 Hic
1282 3086 1335 3151 ille
1349 3083 1482 3150 Christus

349 3190 419 3270 est,
442 3190 495 3255 cui
518 3190 646 3256 frustra
667 3190 846 3256 resistitur.
872 3191 1031 3274 Intrabit,
1047 3191 1182 3256 etiamsi
1200 3191 1307 3257 cordis
1320 3187 1480 3255 foresclau-
1506 3193 1509 3203 ·

348 3296 433 3361 seris
446 3295 484 3379 ⁴).
509 3297 581 3360 Pax
599 3296 711 3379 111113,
730 3296 850 3377 inquit.
863 3297 986 3378 Ecquis
998 3297 1140 3362 infidelis
1152 3315 1314 3378 umquam
1327 3291 1481 3362 amabilius

347 3402 389 3466 ad
413 3400 489 3465 fidei
511 3400 752 3482 professionem
779 3402 945 3467 adductus
964 3405 1019 3467 est
1042 3420 1143 3483 quam
1166 3402 1327 3485 Thomas,
1354 3400 1406 3483 qui
1426 3412 1479 3461 nou

349 3505 493 3587 amplius
514 3508 676 3587 expetens
693 3507 806 3572 videre
826 3508 950 3587 stigma
974 3508 1009 3574 in
1027 3508 1146 3591 latere,
1162 3507 1243 3573 Jesu
1254 3508 1391 3588 pedibus
1401 3504 1480 3569 obro-

347 3612 441 3677 lutus
461 3612 651 3690 ingemiscit
669 3616 706 3678 11
716 3613 901 3679 exclamat:
914 3613 1079 3678 Dominus
1091 3614 1185 3678 Meus
1196 3616 1232 3677 11
1243 3612 1334 3677 Deus
1346 3626 1433 3676 meus
1442 3603 1479 3688 ὅ)

395 3716 524 3783 Ultimo
547 3717 656 3798 capite
680 3717 881 3784 delectabilis
904 3717 1014 3797 imago
1038 3718 1233 3783 absolvitur.
1259 3716 1421 3783 Matutine
1437 3725 1478 3775 111-

349 3825 431 3889 bula·
462 3823 656 3889 extenditur
686 3840 786 3905 super
814 3842 907 3889 mare
939 3824 1130 3890 Tiberiadis.
1163 3824 1284 3889 Petrus
1315 3827 1351 3889 et
1379 3814 1479 3897 reliqui

355 3946 413 4010 per
443 3927 553 3994 totam
584 3930 718 3993 noctem
746 3930 873 3995 trustra
896 3931 1099 3995 laborarunt.
1124 3929 1251 3995 Vident
1271 3920 1479 3993 hominemin

350 4032 464 4099 litore:
497 4036 595 4098 estne
629 4032 769 4100 dilectus
798 4036 982 4115 Magister?
1013 4035 1177 4101 Dominus
1206 4038 1279 4099 cst:
1311 4031 1411 4100 sentit
1430 4028 1481 4090 hot

351 4162 535 4178 ——fi-

383 4258 409 4322 i)
426 4257 484 4308 Joh.
502 4259 542 4314 18,
560 4261 582 4307 8.

384 4339 411 4403 2)
429 4340 486 4387 Luc.
506 4340 546 4397 22.
566 4341 604 4389 sl.
623 4340 681 4391 Joh.
699 4343 738 4398 18,
756 4343 795 4392 2³.

386 4422 411 4482 3)
429 4421 484 4470 Jon
504 4423 546 4479 20,
562 4421 601 4473 io.

360 4503 362 4506 ’
379 4504 409 4568 4)
425 4502 482 4552 Joh.
500 4503 541 4559 20,
558 4504 598 4553 19.

383 4587 408 4645 5)
425 4584 482 4633 Jolr.
502 4586 543 4641 20,
559 4586 667 4637 24-29.
