3192 5325
622 580 687 645 203

127 763 234 842 Quum
256 766 416 844 quartum
439 762 658 844 Evangelium
680 767 904 830 retractatum
926 764 1009 841 fuit,
1031 764 1226 844 mitigatum

86 868 143 932 sirit
171 868 258 950 quod
292 869 509 951 praefractius
543 873 579 936 et
608 870 746 951 rigidius
776 871 906 936 dictum
929 871 1039 937 fuerat
1061 887 1129 935 non
1153 872 1227 934 tan-

86 977 155 1039 tum
183 975 220 1040 in
250 976 292 1042 iis
327 994 412 1057 quae
445 978 487 1042 ad
522 980 667 1062 Πνεῦμο,
705 979 763 1044 sed
798 977 903 1043 etiam
937 977 974 1042 in
1004 977 1046 1042 iis
1078 993 1163 1058 quae
1186 976 1228 1040 ad

85 1078 179 1157 λόγον
212 1082 436 1162 pertinebant.
472 1083 663 1150 Christiana
697 1084 808 1165 religio
840 1083 1009 1150 Catholica
1037 1082 1127 1148 facta
1156 1084 1227 1163 est,

86 1187 164 1267 quod
193 1204 293 1268 saepe
319 1188 391 1270 jam
413 1189 577 1272 diximus,
602 1189 787 1271 recipiendo
810 1192 846 1254 et
870 1187 1073 1255 conciliando
1099 1189 1229 1252 contra

86 1293 147 1358 rias
179 1294 351 1374 opiniones
385 1311 424 1360 ea
458 1295 598 1372 ratione,
621 1314 706 1378 quae
735 1295 899 1361 Ecclesiae
937 1293 1067 1360 facilius
1098 1294 1228 1375 placere

86 1399 204 1481 potuit,
238 1417 341 1481 quam
371 1418 445 1466 sero
475 1403 565 1468 natis
595 1403 809 1486 dogmaticisr,
839 1402 897 1484 qui
920 1401 1033 1468 omnia
1055 1402 1091 1469 in
1116 1402 1227 1466 artem

86 1505 242 1585 redigunt.

125 1611 164 1675 ln
193 1613 425 1696 metaphysica
453 1615 493 1680 de
516 1616 626 1682 Verbo
650 1616 816 1699 doctrina,
842 1615 929 1697 quod
953 1615 1117 1696 vidimus,
1143 1631 1226 1695 quas

87 1720 191 1796 partes
224 1716 259 1781 τό
295 1719 362 1797 φῶς
397 1721 530 1805 habuit,
563 1738 620 1787 eas
651 1722 791 1804 suscipit
823 1721 836 1784 ό
868 1720 960 1797 λόγος
985 1721 1099 1802 itaoue
1124 1739 1228 1802 quum

87 1823 225 1902 primum
255 1822 348 1902 λόγοο
378 1827 413 1891 in
437 1829 603 1893 mundum
624 1829 778 1893 renitet
800 1828 891 1894 facta
913 1830 967 1892 est
992 1824 1089 1908 οόρξ,
1115 1827 1228 1892 evadit

89 1927 185 2004 κρίνον.
210 1932 275 1996 Hic
297 1936 414 1999 autem
432 1931 525 2010 λόγος
546 1952 614 1999 non
634 1935 788 2001 Salvator
808 1938 877 2016 est,
898 1937 957 2000 sed
970 1933 1224 2016 Judexldund13

89 2038 137 2099 est
163 2037 283 2121 judex,
306 2041 384 2120 quia
406 2040 469 2105 hoc
490 2042 563 2106 eius
586 2041 651 2106 fert
675 2044 807 2106 natura.
833 2041 968 2107 Verum
984 2040 1145 2123 populus,
1172 2041 1229 2121 qui

88 2160 216 2222 perosus
244 2148 318 2210 erat
348 2146 536 2212 dialectices
565 2147 718 2228 laqueos,
753 2164 858 2228 quum
881 2146 999 2212 Jesum
1023 2147 1227 2226 sectabatur,

88 2248 245 2330 imprimis
265 2248 472 2317 Salvatorem
492 2253 629 2318 colebat.
654 2254 742 2318 Huic
761 2252 866 2318 etiam
879 2251 1027 2332 opinioni
1039 2250 1231 2316 satisfacere

88 2354 187 2420 voluit
218 2353 360 2438 'scriptor
390 2359 470 2423 tum
502 2359 574 2424 Joh.
609 2360 625 2423 1
660 2361 736 2424 tum
758 2359 832 2424 Joh.
858 2358 878 2422 3
903 2357 1043 2438 indeque
1068 2358 1161 2421 ortae
1184 2371 1231 2419 re·

87 2461 299 2544 pugnantiae,
323 2480 466 2543 quarum
489 2464 666 2530 nonnullas
690 2464 969 2546 percensebimus.

129 2565 226 2643 Λόγος
251 2568 313 2652 sit,
340 2569 397 2650 qui
419 2570 579 2651 patefacit
604 2570 661 2652 qui
684 2571 754 2635 sint
778 2567 996 2646 γεγεννημένοι
1022 2567 1055 2630 ἐκ
1078 2569 1132 2630 τοῦ
1152 2567 1229 2644 θεοῦ,

89 2675 141 2754 qui
172 2692 237 2740 non
269 2676 357 2758 sint;
382 2678 440 2742 sed
463 2679 520 2758 qui
543 2678 660 2744 iesum
683 2680 842 2761 sectatur,
868 2677 989 2758 accipit
1012 2678 1128 2741 tamen
1153 2673 1231 2751 ἕξον-

90 2779 154 2843 σὶοιν
180 2780 280 2846 τέκνον
313 2783 379 2845 θεοῦ
411 2781 552 2858 γενέσθαι
585 2782 650 2867 (VS.
679 2785 731 2860 12)
748 2783 788 2866 ');
813 2785 867 2847 est
891 2781 904 2845 ὅ
928 2781 1024 2858 upote
1050 2783 1104 2844 τοῦ
1129 2780 1194 2843 θεοῦ
1219 2778 1232 2843 ῦ

90 2883 172 2964 αἴρων
207 2887 262 2960 τὴν
296 2886 455 2966 οὶμοορτίοιν
486 2892 539 2952 τοῦ
573 2887 690 2964 κόσμου
721 2889 784 2971 (VS.
812 2888 878 2972 29).
913 2887 1003 2953 Deus
1026 2887 1080 2951 ille
1104 2886 1144 2951 de
1168 2902 1232 2965 quo

90 2992 225 3072 legimus
258 2977 288 3078 1',
316 2996 351 3059 l:
385 2992 447 3064 θεὸς
473 2987 507 3065 ἦν
531 2994 544 3057 ό
569 2993 680 3071 λόγος,
705 2997 822 3059 tamen
848 2995 875 3076 1,
902 2989 1231 3065 1661666661-

92 3098 186 3168 ονλεὺς
210 3103 263 3164 τοῦ
289 3098 435 3177 'iopam
460 3102 542 3183 quin
561 3104 597 3165 et
617 3118 743 3166 munus
759 3100 846 3181 quod
866 3100 908 3164 ad
925 3096 1017 3179 χάριν
1039 3097 1233 3169 61ο1λ1όενονν

91 3206 224 3289 attinet,
258 3206 348 3270 idem
371 3207 534 3287 estquod
556 3206 682 3289 Moysis
703 3206 768 3271 fuit
791 3206 878 3270 circa
902 3201 989 3280 νόμον
1013 3202 1058 3287 (1,
1088 3204 1157 3282 17);
1180 3218 1232 3266 co-

91 3311 188 3375 medit
210 3328 289 3376 eum
314 3312 406 3376 zelus
429 3313 549 3377 domus
573 3311 708 3376 Domini
727 3311 772 3396 (2,
802 3311 870 3391 17);
891 3311 949 3391 qui
970 3310 1042 3385 ἀνὴρ
1068 3306 1234 3384 ἔμπροσθεν

94 3410 253 3499 (Ἰωάννου)
288 3414 427 3499 γέγονεν,
463 3412 510 3479 ῦτν
547 3417 659 3492 πρῶτος
697 3416 818 3497 (αὐτοῦ)
851 3411 1235 3499 ἦν(1,30)81111111681

93 3519 145 3591 υἱὸς
182 3526 235 3584 τοῦ
272 3519 388 3601 Ἰωσὴφ
421 3525 472 3584 τοῦ
506 3523 571 3585 ἀπὸ
598 3518 746 3600 Ναζαρέτ
778 3524 820 3604 (1,
847 3521 911 3598 46).
947 3522 1010 3585 Est
1031 3520 1107 3603 lux,
1134 3536 1236 3600 quam

93 3627 241 3692 tenebrae
275 3628 365 3692 haud
396 3628 718 3707 comprehenderunt
748 3629 790 3708 (1,
818 3626 859 3703 5),
893 3628 951 3691 sed
974 3627 1079 3691 etiam
1102 3626 1155 3689 ille
1178 3624 1236 3705 qui

91 3730 236 3797 homines
259 3737 413 3798 accurate
436 3733 531 3798 docet
555 3736 590 3798 et
613 3733 751 3813 exponit
774 3732 849 3813 quis
873 3732 955 3796 deus
979 3733 1025 3797 sit
1052 3732 1094 3813 (1,
1124 3730 1188 3814 18).

131 3839 291 3903 Extremo
326 3840 435 3920 capite
470 3839 570 3903 tertio
605 3838 645 3903 de
676 3838 890 3918 insuperabili
923 3836 1124 3903 necessitate
1147 3835 1236 3901 illius

94 3943 226 4026 κγόοοο,
261 3961 364 4024 quam
395 3944 478 4008 iesu
501 3944 668 4008 adventus
692 3944 798 4024 affert,
825 3946 992 4023 quantum
1015 3944 1128 4021 potest
1150 3940 1238 4005 licet-

93 4065 150 4127 que
184 4049 379 4131 detrahitur,
416 4049 469 4113 vel
503 4049 616 4129 potius
648 4049 831 4113 identidem
863 4050 1005 4125 negatur
1029 4046 1115 4127 quod
1139 4045 1236 4110 modo

92 4154 295 4218 affirmatum
318 4154 437 4218 fuerat.
464 4153 630 4217 Attendat
649 4153 724 4233 quis
744 4153 786 4216 ad
807 4152 836 4234 3,
863 4152 939 4215 14-
952 4152 994 4215 18
1011 4149 1146 4214 collatos
1159 4166 1237 4213 cum

92 4272 157 4323 uss.
195 4258 338 4323 19-21.
376 4258 445 4323 illis
481 4257 635 4324 versibus
671 4257 860 4322 humanum
896 4272 1002 4335 genus
1037 4254 1236 4319 describitur

124 4524 150 4588 l)
176 4524 253 4573 Nemo
273 4521 342 4571 facile
364 4520 409 4570 sibi
431 4519 575 4585 persuaserit
598 4514 1167 4579 16111111811611111111611111116696116.
1187 4512 1232 4564 12:

96 4604 177 4663 οἵτινες
194 4608 249 4671 post
265 4598 320 4660 τοῖς
339 4600 490 4661 πιςεῦουσον.
