3192 5325
621 535 679 600 141

94 709 160 793 stru
181 712 305 778 Addita
328 714 529 796 praepositio
550 715 697 781 hominis
720 715 892 795 ingenium
916 715 1042 796 prodit,
1066 733 1146 782 nam
1169 715 1222 780 Ju-

89 819 182 882 daeus
215 823 306 886 certe
337 821 527 902 scripsisset
546 820 741 902 simpliciter
764 821 924 902 ἁμαρτίᾳ,
949 823 1050 888 sicuti
1073 822 1144 907 θεῷ,
1168 840 1220 888 vs.

92 924 139 1000 ll,
160 925 214 989 sed
238 927 423 993 secundum
446 926 588 993 Paulum
611 928 810 1009 Episcopum
829 925 986 1016 {vivimus
1008 931 1045 993 ν’νν
1068 931 1219 1010 peceato,

88 1030 119 1093 h.
141 1047 167 1094 e.
189 1031 225 1095 in
243 1030 431 1099 sceleribus.

129 1137 165 1200 In.
194 1138 331 1204 Judaico
353 1141 540 1218 fragmento
562 1140 758 1222 primarium
781 1141 905 1224 fluerat,
930 1143 1093 1224 quotquot
1115 1141 1220 1223 bapti-

86 1242 150 1306 zati
183 1261 301 1309 sumus
337 1245 379 1310 ad
414 1245 539 1311 Christi
570 1246 825 1328 confessionem,
858 1247 1045 1327 baptizatos
1075 1262 1149 1311 esse
1179 1247 1221 1331 ad

88 1349 199 1413 mortis
225 1350 298 1415 eius
321 1351 571 1436 consessionem,
596 1369 662 1433 qua
684 1354 839 1418 mortuus
859 1356 912 1417 est
931 1355 1081 1434 peccat03
1102 1352 1220 1417 deiude

87 1455 211 1520 additur
246 1473 298 1520 vs.
332 1458 371 1520 4:
406 1457 625 1538 συνετάφημεν
663 1458 746 1538 αὐτῷ
895 1455 943 1522 ἵνα
979 1454 1076 1536 ὥσπερ
1111 1458 1219 1535 ἠγέρθη

89 1559 185 1637 Χμτὸς
220 1561 255 1624 ἐκ
289 1563 411 1645 νεκρῶν,
554 1559 646 1634 οὕτως
685 1564 737 1628 κυνὶ
772 1565 860 1638 ἡμεῖς
894 1563 922 1626 ἕν
955 1564 1108 1637 καινότητι
1144 1561 1221 1643 ζωῆς

88 1667 348 1743 περιπατήσωμεν.
383 1669 455 1734 Hoc
478 1670 620 1735 vixdum
643 1669 793 1736 elocutus
817 1671 927 1736 iuerat
948 1671 1096 1736 iudaeus
1118 1672 1153 1736 et
1175 1670 1221 1735 in·

87 1773 162 1838 serit
192 1774 343 1840 reductor
374 1792 425 1840 vs.
459 1778 480 1838 4
510 1778 588 1857 post
611 1776 696 1854 αὐτῷ
719 1776 950 1844 inaccuraturn
973 1775 1069 1842 illud:
1094 1775 1144 1840 ted
1168 1779 1220 1840 τοῦ

87 1877 305 1956 βαπτίσματος
330 1881 372 1953 εἷς
392 1879 443 1944 τὸν
466 1881 594 1945 θάνατον
618 1886 754 1964 etpost
777 1890 882 1960 νεκρῶν
906 1885 1085 1950 tinnientia
1104 1885 1220 1950 Verba:

90 1983 135 2048 διὰ
166 1992 219 2057 τῆς
251 1985 338 2063 δόξης
363 1991 416 2051 τοῦ
440 1988 565 2065 πατρός.
590 1989 729 2055 Falsum
751 1992 840 2054 certe
864 1993 917 2055 est-
939 1990 1136 2056 contendere
1159 2008 1220 2056 nos

86 2092 243 2174 baptismo
278 2111 356 2159 cum
387 2094 520 2160 Christo
551 2113 620 2161 una
655 2094 800 2176 sepeliri,
834 2113 979 2176 quonam
1011 2097 1221 2177 baptizamur

88 2199 141 2276 eie,
164 2200 195 2263 h.
214 2217 243 2265 e.
267 2201 310 2266 ad
334 2202 452 2267 mortis
472 2202 544 2267 eius
564 2201 822 2283 confessionem
843 2219 922 2267 nam
942 2220 1031 2268 nuno
1050 2203 1221 2268 mittimus

87 2304 185 2371 dicere
206 2306 312 2371 fuisse
335 2307 546 2372 scribendum
569 2312 621 2371 τυῡ
645 2308 688 2377 εἰς
712 2307 763 2371 τὸν
788 2307 917 2370 θάνατον
932 2306 966 2392 1).
990 2308 1097 2389 Quam
1118 2325 1220 2373 sensu

87 2427 223 2477 vacuum
246 2413 293 2477 sit
317 2411 367 2475 διὰ
390 2418 445 2483 τῆς
470 2412 573 2498 titas,
600 2432 667 2480 non
690 2432 774 2495 opus
797 2417 851 2480 est
874 2415 990 2480 dicere.

127 2517 246 2583 Itidem
269 2519 446 2585 odoramur
469 2537 609 2586 manum
632 2520 705 2585 eius
729 2538 779 2586 vs.
806 2522 826 2588 5
849 2521 885 2585 in
904 2521 1038 2586 nomine
1057 2520 1099 2599 τῷ
1119 2518 1218 2596 ὁμοιώ-

87 2645 175 2707 μυτν,
208 2624 265 2706 qui
288 2624 424 2691 dativus
448 2625 668 2693 instrumenti
689 2629 752 2691 est.
777 2625 913 2693 Falsum
937 2629 1006 2708 est,
1030 2627 1086 2693 illa
1108 2627 1219 2694 simili·

85 2730 208 2813 tudine,
232 2731 266 2795 h.
287 2748 316 2797 e.
340 2733 509 2814 baptismo
532 2751 594 2800 nos
612 2732 793 2812 συμφύτους
816 2736 868 2796 τοῦ
890 2731 1020 2797 caveron
1038 2734 1118 2801 fieri.
1143 2735 1219 2800 Jaru

114 2986 140 3048 1)
157 2988 231 3036 Vetus
247 3002 316 3037 error
332 2990 379 3046 est,
398 2987 528 3037 secuudum
545 3002 616 3051 quem
632 2986 762 3037 submersio
779 2986 916 3052 sepulturae
932 2984 1012 3050 imago
1027 2984 1137 3035 hebetur.
1154 2986 1217 3035 Setis

87 3072 119 3119 at
134 3070 279 3129 meminisse,
289 3073 317 3120 ut
335 3069 465 3120 submersio
482 3069 609 3133 symbolice
626 3069 701 3134 accipi
718 3068 806 3135 possit,
826 3068 916 3118 Christi
933 3072 1035 3117 mortem
1052 3068 1217 3117 removendum

85 3166 127 3200 use
147 3169 162 3202 a
183 3154 320 3218 sepulture,
342 3169 399 3203 nem
421 3152 553 3203 subenensis
570 3151 703 3216 symbolum
718 3152 819 3201 fortusse
835 3166 884 3199 esse
902 3150 991 3216 poterit
1010 3151 1159 3216 sepulturae,
1176 3150 1216 3199 sed

85 3234 137 3286 Jesu
157 3238 242 3287 mortis
263 3241 328 3286 eerte
344 3252 392 3287 nou
409 3239 488 3303 potest
504 3235 589 3285 videri.
608 3235 743 3285 &eundum
759 3234 902 3299 seriptorem
918 3238 999 3285 sutem
1017 3250 1080 3285 mers
1097 3237 1121 3283 et
1138 3234 1215 3299 sepul·

85 3321 133 3367 ture
153 3322 203 3369 tum
225 3323 289 3369 arete
313 3320 453 3378 cobserent,
479 3326 505 3369 ut
522 3319 593 3368 modo
609 3318 671 3367 hsue
686 3317 810 3376 nominet,
827 3317 897 3367 modo
914 3316 993 3369 illam:
1014 3333 1047 3366 vs.
1065 3318 1095 3367 4:
1113 3314 1219 3366 συνετά-

84 3403 168 3459 Φημεν,
192 3418 226 3452 vs.
251 3404 266 3452 t
289 3399 417 3464 σύμφυτοι
435 3402 575 3464 γεγόναμεν
592 3402 638 3450 τοῦ
657 3397 770 3449 θανάτου.
788 3400 845 3448 Jam
863 3399 922 3449 sutis
940 3414 1008 3448 nosse
1026 3398 1093 3448 uobis
1109 3399 1217 3449 videmur

85 3480 175 3533 ludrica
195 3485 329 3549 irsgmentu
351 3500 426 3548 neque
447 3483 516 3532 laeile
539 3486 700 3548 exspectemus
723 3481 748 3531 in
766 3480 797 3530 iis
814 3481 906 3546 puerile
923 3480 1067 3545 symbolum,
1086 3482 1148 3546 quod
1165 3479 1216 3543 jsm

86 3567 133 3613 ente
153 3569 245 3632 septem
265 3566 358 3617 saecula
380 3566 430 3616 iere
452 3566 564 3615 universe
583 3565 689 3615 Peelesis
707 3564 844 3614 Christiana
860 3562 953 3627 abjecit.
970 3563 1144 3629 Cuiuscumque
1161 3564 1216 3613 reli-

88 3644 155 3707 gionis
181 3648 307 3698 historiam
332 3647 434 3697 seribere
455 3647 570 3706 volueris,
593 3647 639 3696 hoc
655 3647 736 3711 egitur
752 3652 779 3695 ut
795 3645 855 3694 feles
871 3648 895 3694 st
912 3644 1013 3695 ridicule
1029 3645 1217 3709 redarguentur,

88 3741 127 3789 quo
150 3746 207 3779 vers
231 3734 255 3779 et
273 3730 363 3780 exeelss
379 3730 405 3779 in
422 3729 523 3779 cleriors
539 3729 591 3779 lues
608 3727 763 3777 collocentur.
780 3726 906 3793 Bsptismo
922 3727 1029 3777 confiteri
1046 3742 1094 3776 esse
1112 3730 1135 3775 te
1152 3723 1217 3787 σάμ-

86 3812 154 3869 φντνν
177 3812 229 3864 eius
251 3812 293 3877 qui
316 3811 453 3877 cupiditatis
476 3814 501 3860 et
521 3810 611 3876 pseusti
629 3825 712 3875 expers
728 3809 787 3868 fuit,
806 3806 933 3874 superbum
950 3812 1000 3868 est;
1018 3809 1057 3857 sed
1074 3808 1165 3874 puerile
1181 3810 1217 3857 est

86 3896 217 3944 contendere
241 3894 409 3944 submersionis
433 3892 510 3943 neside
533 3909 605 3958 quem
627 3891 743 3957 magicum
760 3906 810 3940 esse
827 3890 889 3948 vim,
909 3891 966 3939 adeo
984 3892 1011 3939 ut
1028 3888 1161 3940 submersus
1177 3888 1216 3939 de·

85 3988 141 4026 mum
157 3978 201 4028 ills
218 3976 376 4028 similitudine
392 3975 437 4040 (ss.
458 3978 483 4037 t)
500 3978 634 4036 σύμφυτος
650 3973 702 4023 lleri
718 3972 793 4039 possis
808 3975 854 4021 τοῦ
871 3970 1034 4029 ἀποθανόντος
1049 3973 1108 4020 κατ’
1118 3967 1215 4036 ἰξυχνὶν.

86 4056 161 4109 llieuu
182 4062 252 4119 snut,
275 4059 347 4109 sicuti
365 4058 480 4117 diximus,
499 4057 602 4122 puerilis
617 4055 646 4105 eb
662 4056 801 4121 fragmentis
815 4054 923 4117 judaieis.
940 4082 973 4092 -
991 4055 1146 4105 (loueedimus
1162 4054 1215 4127 qui-

86 4137 130 4189 dem
150 4142 243 4207 puerile
267 4141 312 4190 boe
334 4140 498 4190 Christianum
514 4155 574 4198 esse,
593 4140 634 4187 sed
651 4137 749 4187 minime
765 4138 821 4187 inde
838 4136 960 4201 sequitur,
980 4136 1141 4187 Christianum
1161 4138 1216 4186 reli-

86 4219 170 4282 gionem
193 4225 270 4289 ipsum
292 4222 409 4288 puerilem
430 4238 493 4280 esse;
517 4222 558 4271 sed
580 4220 651 4270 sicuti
669 4220 829 4284 unnsquisque
845 4222 925 4284 peccet
941 4218 1026 4268 iisdem
1043 4218 1111 4269 rebus
1128 4219 1216 4283 quibus

86 4306 168 4355 ereellit
194 4309 219 4355 et
241 4306 298 4356 dum
319 4306 379 4355 vitis
402 4305 506 4369 fugimus
522 4303 549 4353 iu
566 4303 686 4353 eontruris
702 4302 833 4360 currimus,
852 4301 885 4350 sie
902 4300 928 4349 iu
944 4299 1085 4351 ¹Christiana
1102 4301 1216 4363 religione
1270 4297 1274 4302 ’

86 4398 137 4447 quse
151 4388 213 4438 eelss
230 4388 292 4436 vitet
307 4390 332 4436 et
347 4386 376 4436 ub
393 4386 458 4436 omni
475 4386 579 4452 strepitu
595 4385 672 4435 eliens
691 4400 739 4434 uon
756 4383 803 4433 nisi
820 4382 901 4447 quiete
919 4385 996 4441 emet,
1014 4382 1144 4435 inhonore
1159 4386 1215 4433 suut

88 4480 110 4514 ω
128 4485 185 4533 quse
207 4470 296 4536 populo
313 4469 405 4535 plaeere
422 4473 528 4534 ponunt.
547 4469 602 4533 Ipse
618 4468 676 4517 adeo
692 4466 794 4533 populus
811 4465 880 4531 pueri
897 4464 973 4513 instet·
990 4467 1065 4514 estet
1083 4461 1153 4513 tubae
1170 4480 1214 4530 ope

96 4548 205 4602 doeendus
222 4553 258 4601 eet
274 4551 472 4601 resurrectionem
489 4555 513 4600 et
529 4548 704 4608 submersione,
721 4548 778 4615 quid
795 4547 910 4612 significet
925 4546 987 4595 illud
1004 4544 1182 4608 συνετάφημεν.
