<?xml version="1.0" encoding="UTF-8"?>
<!DOCTYPE html PUBLIC "-//W3C//DTD XHTML 1.0 Transitional//EN"
    "http://www.w3.org/TR/xhtml1/DTD/xhtml1-transitional.dtd">
<html xmlns="http://www.w3.org/1999/xhtml" xml:lang="en" lang="en">
 <head>
  <title>
</title>
<meta http-equiv="Content-Type" content="text/html;charset=utf-8" />
  <meta name='ocr-system' content='tesseract 3.04.00' />
  <meta name='ocr-capabilities' content='ocr_page ocr_carea ocr_par ocr_line ocrx_word'/>
</head>
<body>
  <div class='ocr_page' id='page_1' title='image "./verisimilialace00nabegoog_0245.png"; bbox 0 0 3192 5325; ppageno 0'>
   <div class='ocr_carea' id='block_1_1' title="bbox 583 559 688 640">
    <p class='ocr_par' dir='ltr' id='par_1_1' title="bbox 583 559 688 640">
     <span class='ocr_line' id='line_1_1' title="bbox 583 559 688 640; baseline -0.01 -18"><span class='ocrx_word' id='word_1_1' title='bbox 583 632 588 640; x_wconf 39' lang='lat'><em>„</em></span> <span class='ocrx_word' id='word_1_2' title='bbox 625 559 688 622; x_wconf 77' lang='grc'>111</span> 
     </span>
    </p>
   </div>
   <div class='ocr_carea' id='block_1_2' title="bbox 84 737 1244 4635">
    <p class='ocr_par' dir='ltr' id='par_1_2' title="bbox 84 737 1239 1772">
     <span class='ocr_line' id='line_1_2' title="bbox 127 737 1232 820; baseline -0.003 -17"><span class='ocrx_word' id='word_1_3' title='bbox 127 740 180 803; x_wconf 81' lang='lat' dir='ltr'>Ex</span> <span class='ocrx_word' id='word_1_4' title='bbox 203 757 243 805; x_wconf 88' lang='lat' dir='ltr'>ea</span> <span class='ocrx_word' id='word_1_5' title='bbox 265 738 413 804; x_wconf 87' lang='lat' dir='ltr'>looorum</span> <span class='ocrx_word' id='word_1_6' title='bbox 436 738 675 820; x_wconf 74' lang='lat' dir='ltr'>compositione</span> <span class='ocrx_word' id='word_1_7' title='bbox 697 741 836 820; x_wconf 88' lang='lat' dir='ltr'>apparet</span> <span class='ocrx_word' id='word_1_8' title='bbox 859 739 895 803; x_wconf 90' lang='lat' dir='ltr'>in</span> <span class='ocrx_word' id='word_1_9' title='bbox 915 741 1034 819; x_wconf 87' lang='lat' dir='ltr'>quarto</span> <span class='ocrx_word' id='word_1_10' title='bbox 1053 737 1232 816; x_wconf 81' lang='lat' dir='ltr'>Evangelio</span> 
     </span>
     <span class='ocr_line' id='line_1_3' title="bbox 84 841 1234 927; baseline -0.002 -19"><span class='ocrx_word' id='word_1_11' title='bbox 84 844 248 924; x_wconf 84' lang='lat' dir='ltr'>quaedam</span> <span class='ocrx_word' id='word_1_12' title='bbox 283 845 389 927; x_wconf 83' lang='lat' dir='ltr'>tradi,</span> <span class='ocrx_word' id='word_1_13' title='bbox 424 846 466 911; x_wconf 83' lang='lat' dir='ltr'>ad</span> <span class='ocrx_word' id='word_1_14' title='bbox 499 863 642 926; x_wconf 70' lang='lat' dir='ltr'>quonam</span> <span class='ocrx_word' id='word_1_15' title='bbox 673 844 929 910; x_wconf 86' lang='lat' dir='ltr'>similitudinem</span> <span class='ocrx_word' id='word_1_16' title='bbox 960 844 1024 910; x_wconf 92' lang='lat' dir='ltr'>alia</span> <span class='ocrx_word' id='word_1_17' title='bbox 1055 844 1090 908; x_wconf 90' lang='lat' dir='ltr'>in</span> <span class='ocrx_word' id='word_1_18' title='bbox 1114 841 1234 908; x_wconf 86' lang='lat' dir='ltr'>Baoohi</span> 
     </span>
     <span class='ocr_line' id='line_1_4' title="bbox 85 948 1236 1033; baseline -0.003 -20"><span class='ocrx_word' id='word_1_19' title='bbox 85 951 177 1014; x_wconf 81' lang='lat' dir='ltr'>cultu</span> <span class='ocrx_word' id='word_1_20' title='bbox 207 951 353 1015; x_wconf 85' lang='lat' dir='ltr'>indicare</span> <span class='ocrx_word' id='word_1_21' title='bbox 383 952 565 1033; x_wconf 87' lang='lat' dir='ltr'>potuimus.</span> <span class='ocrx_word' id='word_1_22' title='bbox 601 950 702 1031; x_wconf 85' lang='lat' dir='ltr'><strong>Apud</strong></span> <span class='ocrx_word' id='word_1_23' title='bbox 733 951 921 1026; x_wconf 79' lang='lat' dir='ltr'>iohannem</span> <span class='ocrx_word' id='word_1_24' title='bbox 944 967 1039 1031; x_wconf 82' lang='lat' dir='ltr'>capp.</span> <span class='ocrx_word' id='word_1_25' title='bbox 1066 950 1108 1014; x_wconf 90' lang='lat'>18</span> <span class='ocrx_word' id='word_1_26' title='bbox 1131 951 1167 1014; x_wconf 90' lang='lat' dir='ltr'>et</span> <span class='ocrx_word' id='word_1_27' title='bbox 1194 948 1236 1010; x_wconf 89' lang='grc'>19</span> 
     </span>
     <span class='ocr_line' id='line_1_5' title="bbox 86 1054 1238 1138; baseline 0 -20"><span class='ocrx_word' id='word_1_28' title='bbox 86 1055 282 1122; x_wconf 78' lang='lat' dir='ltr'>describitur</span> <span class='ocrx_word' id='word_1_29' title='bbox 315 1056 405 1123; x_wconf 86' lang='lat' dir='ltr'>Deus</span> <span class='ocrx_word' id='word_1_30' title='bbox 437 1076 515 1122; x_wconf 87' lang='lat' dir='ltr'>oum</span> <span class='ocrx_word' id='word_1_31' title='bbox 548 1057 638 1121; x_wconf 89' lang='lat' dir='ltr'>inter</span> <span class='ocrx_word' id='word_1_32' title='bbox 668 1056 843 1138; x_wconf 80' lang='lat' dir='ltr'>populares</span> <span class='ocrx_word' id='word_1_33' title='bbox 874 1057 1026 1122; x_wconf 86' lang='lat' dir='ltr'>inimioos</span> <span class='ocrx_word' id='word_1_34' title='bbox 1049 1058 1127 1120; x_wconf 93' lang='lat' dir='ltr'>tum</span> <span class='ocrx_word' id='word_1_35' title='bbox 1149 1054 1238 1136; x_wconf 89' lang='lat' dir='ltr'>apud</span> 
     </span>
     <span class='ocr_line' id='line_1_6' title="bbox 84 1161 1238 1245; baseline -0.001 -20"><span class='ocrx_word' id='word_1_36' title='bbox 84 1161 246 1241; x_wconf 82' lang='lat' dir='ltr'>judicem,</span> <span class='ocrx_word' id='word_1_37' title='bbox 283 1163 340 1243; x_wconf 89' lang='lat' dir='ltr'>qui</span> <span class='ocrx_word' id='word_1_38' title='bbox 374 1180 443 1227; x_wconf 93' lang='lat' dir='ltr'>non</span> <span class='ocrx_word' id='word_1_39' title='bbox 474 1162 564 1244; x_wconf 87' lang='lat' dir='ltr'>capit</span> <span class='ocrx_word' id='word_1_40' title='bbox 594 1161 813 1245; x_wconf 85' lang='lat' dir='ltr'>dignitatem,</span> <span class='ocrx_word' id='word_1_41' title='bbox 848 1179 950 1242; x_wconf 90' lang='lat' dir='ltr'>quam</span> <span class='ocrx_word' id='word_1_42' title='bbox 983 1161 1074 1227; x_wconf 87' lang='lat' dir='ltr'>dedit</span> <span class='ocrx_word' id='word_1_43' title='bbox 1099 1161 1238 1225; x_wconf 78' lang='lat' dir='ltr'>virtutis</span> 
     </span>
     <span class='ocr_line' id='line_1_7' title="bbox 87 1266 1238 1349; baseline -0.001 -18"><span class='ocrx_word' id='word_1_44' title='bbox 87 1266 307 1348; x_wconf 63' lang='lat' dir='ltr'>conscientia</span> <span class='ocrx_word' id='word_1_45' title='bbox 332 1269 389 1333; x_wconf 88' lang='lat' dir='ltr'>sed</span> <span class='ocrx_word' id='word_1_46' title='bbox 413 1268 514 1332; x_wconf 88' lang='lat' dir='ltr'>huius</span> <span class='ocrx_word' id='word_1_47' title='bbox 538 1267 769 1348; x_wconf 84' lang='lat' dir='ltr'>desoriptionis</span> <span class='ocrx_word' id='word_1_48' title='bbox 789 1267 886 1349; x_wconf 88' lang='lat' dir='ltr'>quasi</span> <span class='ocrx_word' id='word_1_49' title='bbox 906 1266 1014 1348; x_wconf 87' lang='lat' dir='ltr'>prima</span> <span class='ocrx_word' id='word_1_50' title='bbox 1033 1266 1238 1331; x_wconf 87' lang='lat' dir='ltr'>lineamenta</span> 
     </span>
     <span class='ocr_line' id='line_1_8' title="bbox 88 1371 1238 1453; baseline -0.001 -18"><span class='ocrx_word' id='word_1_51' title='bbox 88 1371 122 1435; x_wconf 88' lang='lat' dir='ltr'>in</span> <span class='ocrx_word' id='word_1_52' title='bbox 145 1373 316 1453; x_wconf 80' lang='lat' dir='ltr'>Euripidis</span> <span class='ocrx_word' id='word_1_53' title='bbox 339 1374 479 1438; x_wconf 85' lang='lat' dir='ltr'>Beeohis</span> <span class='ocrx_word' id='word_1_54' title='bbox 502 1372 631 1437; x_wconf 89' lang='lat' dir='ltr'>insunt.</span> <span class='ocrx_word' id='word_1_55' title='bbox 656 1373 772 1452; x_wconf 82' lang='lat' dir='ltr'>Cogita</span> <span class='ocrx_word' id='word_1_56' title='bbox 791 1373 1008 1438; x_wconf 82' lang='lat' dir='ltr'>intervallum</span> <span class='ocrx_word' id='word_1_57' title='bbox 1029 1372 1238 1437; x_wconf 83' lang='lat' dir='ltr'>saeculorum</span> 
     </span>
     <span class='ocr_line' id='line_1_9' title="bbox 88 1476 1239 1561; baseline -0.003 -18"><span class='ocrx_word' id='word_1_58' title='bbox 88 1479 266 1544; x_wconf 92' lang='lat' dir='ltr'>minimum</span> <span class='ocrx_word' id='word_1_59' title='bbox 285 1480 431 1560; x_wconf 87' lang='lat' dir='ltr'>quinque</span> <span class='ocrx_word' id='word_1_60' title='bbox 450 1482 486 1544; x_wconf 90' lang='lat' dir='ltr'>et</span> <span class='ocrx_word' id='word_1_61' title='bbox 505 1479 619 1544; x_wconf 91' lang='lat' dir='ltr'>minus</span> <span class='ocrx_word' id='word_1_62' title='bbox 635 1480 708 1561; x_wconf 87' lang='lat' dir='ltr'>jam</span> <span class='ocrx_word' id='word_1_63' title='bbox 726 1480 870 1545; x_wconf 85' lang='lat' dir='ltr'>fortasse</span> <span class='ocrx_word' id='word_1_64' title='bbox 890 1478 1063 1544; x_wconf 85' lang='lat' dir='ltr'>miraberis</span> <span class='ocrx_word' id='word_1_65' title='bbox 1076 1476 1239 1559; x_wconf 84' lang='lat' dir='ltr'>quomodo</span> 
     </span>
     <span class='ocr_line' id='line_1_10' title="bbox 91 1584 1238 1668; baseline -0.001 -20"><span class='ocrx_word' id='word_1_66' title='bbox 91 1584 238 1649; x_wconf 87' lang='lat' dir='ltr'>Baoohus</span> <span class='ocrx_word' id='word_1_67' title='bbox 257 1585 345 1665; x_wconf 89' lang='lat' dir='ltr'>apud</span> <span class='ocrx_word' id='word_1_68' title='bbox 365 1585 554 1649; x_wconf 74' lang='lat' dir='ltr'>Pentheum</span> <span class='ocrx_word' id='word_1_69' title='bbox 573 1585 609 1648; x_wconf 92' lang='lat' dir='ltr'>in</span> <span class='ocrx_word' id='word_1_70' title='bbox 628 1585 756 1650; x_wconf 81' lang='grc'>1166111111</span> <span class='ocrx_word' id='word_1_71' title='bbox 767 1588 907 1651; x_wconf 83' lang='lat' dir='ltr'>evectus</span> <span class='ocrx_word' id='word_1_72' title='bbox 926 1585 989 1668; x_wconf 84' lang='lat' dir='ltr'>sit,</span> <span class='ocrx_word' id='word_1_73' title='bbox 1002 1585 1114 1650; x_wconf 77' lang='lat' dir='ltr'>&#39;donee</span> <span class='ocrx_word' id='word_1_74' title='bbox 1129 1584 1238 1649; x_wconf 81' lang='lat' dir='ltr'>exiret</span> 
     </span>
     <span class='ocr_line' id='line_1_11' title="bbox 90 1689 881 1772; baseline 0.003 -20"><span class='ocrx_word' id='word_1_75' title='bbox 90 1689 305 1754; x_wconf 84' lang='lat' dir='ltr'>sanctissima</span> <span class='ocrx_word' id='word_1_76' title='bbox 328 1690 438 1768; x_wconf 84' lang='lat' dir='ltr'>imago</span> <span class='ocrx_word' id='word_1_77' title='bbox 463 1690 587 1754; x_wconf 82' lang='lat' dir='ltr'>Christi</span> <span class='ocrx_word' id='word_1_78' title='bbox 611 1691 699 1772; x_wconf 88' lang='lat' dir='ltr'>apud</span> <span class='ocrx_word' id='word_1_79' title='bbox 724 1691 881 1755; x_wconf 88' lang='lat' dir='ltr'>Pilatum.</span> 
     </span>
    </p>

    <p class='ocr_par' dir='ltr' id='par_1_3' title="bbox 96 1795 1241 1978">
     <span class='ocr_line' id='line_1_12' title="bbox 133 1795 1241 1876; baseline 0 -17"><span class='ocrx_word' id='word_1_80' title='bbox 133 1795 218 1859; x_wconf 86' lang='lat' dir='ltr'>Eooe</span> <span class='ocrx_word' id='word_1_81' title='bbox 241 1795 298 1860; x_wconf 88' lang='lat' dir='ltr'>alii</span> <span class='ocrx_word' id='word_1_82' title='bbox 321 1795 383 1860; x_wconf 82' lang='lat' dir='ltr'>loci</span> <span class='ocrx_word' id='word_1_83' title='bbox 407 1795 552 1876; x_wconf 72' lang='lat' dir='ltr'>parmen·</span> <span class='ocrx_word' id='word_1_84' title='bbox 576 1796 633 1876; x_wconf 88' lang='lat' dir='ltr'>qui</span> <span class='ocrx_word' id='word_1_85' title='bbox 657 1795 774 1861; x_wconf 88' lang='lat' dir='ltr'>itidem</span> <span class='ocrx_word' id='word_1_86' title='bbox 794 1799 911 1861; x_wconf 84' lang='lat' dir='ltr'>nostra</span> <span class='ocrx_word' id='word_1_87' title='bbox 929 1795 1035 1862; x_wconf 89' lang='lat' dir='ltr'>animi</span> <span class='ocrx_word' id='word_1_88' title='bbox 1054 1795 1241 1861; x_wconf 84' lang='lat' dir='ltr'>attentione</span> 
     </span>
     <span class='ocr_line' id='line_1_13' title="bbox 96 1900 381 1978; baseline 0.004 -14"><span class='ocrx_word' id='word_1_89' title='bbox 96 1900 180 1978; x_wconf 77' lang='lat' dir='ltr'>tigni</span> <span class='ocrx_word' id='word_1_90' title='bbox 204 1901 381 1965; x_wconf 84' lang='lat' dir='ltr'>videntur:</span> 
     </span>
    </p>

    <p class='ocr_par' dir='ltr' id='par_1_4' title="bbox 191 2006 1184 2090">
     <span class='ocr_line' id='line_1_14' title="bbox 191 2006 1184 2090; baseline 0.002 -20"><span class='ocrx_word' id='word_1_91' title='bbox 191 2006 335 2071; x_wconf 87' lang='lat' dir='ltr'>Pausan.</span> <span class='ocrx_word' id='word_1_92' title='bbox 361 2010 391 2090; x_wconf 86' lang='lat'>6,</span> <span class='ocrx_word' id='word_1_93' title='bbox 423 2007 475 2088; x_wconf 81' lang='lat'>26,</span> <span class='ocrx_word' id='word_1_94' title='bbox 504 2009 533 2072; x_wconf 91' lang='lat'>1.</span> <span class='ocrx_word' id='word_1_95' title='bbox 764 2008 932 2089; x_wconf 74' lang='lat' dir='ltr'>Quartum</span> <span class='ocrx_word' id='word_1_96' title='bbox 954 2006 1184 2087; x_wconf 79' lang='lat' dir='ltr'>Evangeiinm.</span> 
     </span>
    </p>

    <p class='ocr_par' dir='ltr' id='par_1_5' title="bbox 93 2110 1244 4635">
     <span class='ocr_line' id='line_1_15' title="bbox 135 2110 1242 2197; baseline 0.003 -23"><span class='ocrx_word' id='word_1_97' title='bbox 135 2118 219 2175; x_wconf 84' lang='grc' dir='ltr'><strong><em>Θεῶν</em></strong></span> <span class='ocrx_word' id='word_1_98' title='bbox 232 2110 263 2175; x_wconf 74' lang='grc' dir='ltr'>δὲ</span> <span class='ocrx_word' id='word_1_99' title='bbox 275 2112 305 2174; x_wconf 75' lang='grc' dir='ltr'>ἐν</span> <span class='ocrx_word' id='word_1_100' title='bbox 319 2119 381 2183; x_wconf 82' lang='grc' dir='ltr'><strong><em>τοῖς</em></strong></span> <span class='ocrx_word' id='word_1_101' title='bbox 391 2113 517 2189; x_wconf 70' lang='grc' dir='ltr'><strong><em>μάλιςα</em></strong></span> <span class='ocrx_word' id='word_1_102' title='bbox 531 2112 636 2176; x_wconf 78' lang='grc' dir='ltr'><strong><em>Διδνυ-</em></strong></span> <span class='ocrx_word' id='word_1_103' title='bbox 740 2115 769 2197; x_wconf 77' lang='lat'>2,</span> <span class='ocrx_word' id='word_1_104' title='bbox 800 2115 919 2179; x_wconf 89' lang='grc'>1-11.</span> <span class='ocrx_word' id='word_1_105' title='bbox 945 2114 1043 2179; x_wconf 80' lang='lat' dir='ltr'>Jesus</span> <span class='ocrx_word' id='word_1_106' title='bbox 1067 2114 1176 2179; x_wconf 81' lang='lat' dir='ltr'>Canae</span> <span class='ocrx_word' id='word_1_107' title='bbox 1196 2114 1242 2177; x_wconf 86' lang='lat' dir='ltr'>in·</span> 
     </span>
     <span class='ocr_line' id='line_1_16' title="bbox 95 2217 1244 2300; baseline 0.003 -20"><span class='ocrx_word' id='word_1_108' title='bbox 95 2242 142 2281; x_wconf 82' lang='grc' dir='ltr'>οον</span> <span class='ocrx_word' id='word_1_109' title='bbox 158 2217 301 2293; x_wconf 75' lang='grc' dir='ltr'>σέβουσιν</span> <span class='ocrx_word' id='word_1_110' title='bbox 317 2218 496 2282; x_wconf 70' lang='grc' dir='ltr'><strong><em>Ἠλεῖοικαὶ</em></strong></span> <span class='ocrx_word' id='word_1_111' title='bbox 510 2219 638 2283; x_wconf 76' lang='grc' dir='ltr'><strong><em>τὸνθεόν</em></strong></span> <span class='ocrx_word' id='word_1_112' title='bbox 695 2222 802 2284; x_wconf 88' lang='lat' dir='ltr'>terest</span> <span class='ocrx_word' id='word_1_113' title='bbox 834 2220 964 2300; x_wconf 89' lang='lat' dir='ltr'>nuptiis</span> <span class='ocrx_word' id='word_1_114' title='bbox 996 2223 1032 2284; x_wconf 88' lang='lat' dir='ltr'>et</span> <span class='ocrx_word' id='word_1_115' title='bbox 1061 2237 1185 2300; x_wconf 90' lang='lat' dir='ltr'>aquam</span> <span class='ocrx_word' id='word_1_116' title='bbox 1208 2219 1244 2284; x_wconf 92' lang='lat' dir='ltr'>in</span> 
     </span>
     <span class='ocr_line' id='line_1_17' title="bbox 95 2325 1041 2404; baseline 0.002 -19"><span class='ocrx_word' id='word_1_117' title='bbox 95 2332 201 2403; x_wconf 83' lang='grc' dir='ltr'><strong><em>σφισιν</em></strong></span> <span class='ocrx_word' id='word_1_118' title='bbox 226 2325 391 2404; x_wconf 73' lang='grc' dir='ltr'><strong><em>ἐπιφοιτᾶν</em></strong></span> <span class='ocrx_word' id='word_1_119' title='bbox 413 2325 442 2396; x_wconf 81' lang='grc' dir='ltr'>ἐς</span> <span class='ocrx_word' id='word_1_120' title='bbox 466 2331 523 2389; x_wconf 83' lang='grc' dir='ltr'><strong><em>τοῖν</em></strong></span> <span class='ocrx_word' id='word_1_121' title='bbox 544 2326 641 2389; x_wconf 84' lang='grc' dir='ltr'><strong><em>Θυίων</em></strong></span> <span class='ocrx_word' id='word_1_122' title='bbox 699 2325 820 2390; x_wconf 86' lang='lat' dir='ltr'>Vinum</span> <span class='ocrx_word' id='word_1_123' title='bbox 844 2327 1041 2391; x_wconf 75' lang='lat' dir='ltr'>commutat.</span> 
     </span>
     <span class='ocr_line' id='line_1_18' title="bbox 94 2430 642 2509; baseline 0.004 -17"><span class='ocrx_word' id='word_1_124' title='bbox 94 2432 147 2504; x_wconf 71' lang='lat' dir='ltr'>rio</span> <span class='ocrx_word' id='word_1_125' title='bbox 164 2432 267 2508; x_wconf 70' lang='grc' dir='ltr'><strong><em>ἑορτὴν</em></strong></span> <span class='ocrx_word' id='word_1_126' title='bbox 279 2430 437 2508; x_wconf 77' lang='grc' dir='ltr'><strong><em>λέγουσιν·</em></strong></span> <span class='ocrx_word' id='word_1_127' title='bbox 451 2431 568 2509; x_wconf 78' lang='grc' dir='ltr'><strong><em>οῖτὲχει</em></strong></span> <span class='ocrx_word' id='word_1_128' title='bbox 585 2432 642 2507; x_wconf 76' lang='grc' dir='ltr'>μέν</span> 
     </span>
     <span class='ocr_line' id='line_1_19' title="bbox 93 2535 643 2621; baseline 0.004 -22"><span class='ocrx_word' id='word_1_129' title='bbox 93 2535 643 2621; x_wconf 75' lang='grc' dir='ltr'><strong><em>νετῆςτόλεωςῖσοντείκτὼςοίδια,</em></strong></span> 
     </span>
     <span class='ocr_line' id='line_1_20' title="bbox 93 2642 639 2723; baseline 0.004 -16"><span class='ocrx_word' id='word_1_130' title='bbox 93 2642 161 2707; x_wconf 80' lang='grc' dir='ltr'><strong><em>ἔνθα</em></strong></span> <span class='ocrx_word' id='word_1_131' title='bbox 173 2645 229 2718; x_wconf 67' lang='grc' dir='ltr'>τὴν</span> <span class='ocrx_word' id='word_1_132' title='bbox 242 2644 345 2723; x_wconf 70' lang='grc' dir='ltr'><strong><em>ἑορτὴν</em></strong></span> <span class='ocrx_word' id='word_1_133' title='bbox 356 2643 469 2721; x_wconf 70' lang='grc' dir='ltr'><strong><em>ἄγουσι</em></strong></span> <span class='ocrx_word' id='word_1_134' title='bbox 486 2651 566 2709; x_wconf 90' lang='grc' dir='ltr'><strong><em>Θυῖα</em></strong></span> <span class='ocrx_word' id='word_1_135' title='bbox 580 2644 639 2709; x_wconf 85' lang='grc' dir='ltr'><strong><em>ίνο-</em></strong></span> 
     </span>
     <span class='ocr_line' id='line_1_21' title="bbox 94 2749 723 2831; baseline 0.005 -18"><span class='ocrx_word' id='word_1_136' title='bbox 94 2749 261 2831; x_wconf 78' lang='grc' dir='ltr'><strong><em>μάζοντερ·</em></strong></span> <span class='ocrx_word' id='word_1_137' title='bbox 293 2750 434 2826; x_wconf 75' lang='grc' dir='ltr'><strong><em>λέβητας</em></strong></span> <span class='ocrx_word' id='word_1_138' title='bbox 458 2752 490 2816; x_wconf 77' lang='grc' dir='ltr'>δὲ</span> <span class='ocrx_word' id='word_1_139' title='bbox 514 2753 639 2830; x_wconf 78' lang='grc' dir='ltr'><strong><em>οῖριῖροὸν</em></strong></span> <span class='ocrx_word' id='word_1_140' title='bbox 716 2768 723 2781; x_wconf 86' lang='grc'>’</span> 
     </span>
     <span class='ocr_line' id='line_1_22' title="bbox 93 2854 640 2933; baseline 0.007 -15"><span class='ocrx_word' id='word_1_141' title='bbox 93 2863 169 2933; x_wconf 81' lang='grc' dir='ltr'><strong><em>τρεῖς</em></strong></span> <span class='ocrx_word' id='word_1_142' title='bbox 192 2856 221 2926; x_wconf 77' lang='grc' dir='ltr'>ἐς</span> <span class='ocrx_word' id='word_1_143' title='bbox 242 2854 357 2933; x_wconf 84' lang='grc' dir='ltr'><strong><em>οῖκιρμα</em></strong></span> <span class='ocrx_word' id='word_1_144' title='bbox 379 2858 599 2933; x_wconf 62' lang='grc' dir='ltr'>ἐσκομίσαντες</span> <span class='ocrx_word' id='word_1_145' title='bbox 615 2859 640 2922; x_wconf 89' lang='grc' dir='ltr'>οί</span> 
     </span>
     <span class='ocr_line' id='line_1_23' title="bbox 93 2962 640 3048; baseline 0.007 -23"><span class='ocrx_word' id='word_1_146' title='bbox 93 2964 178 3041; x_wconf 81' lang='grc' dir='ltr'><em>ἱερεῖς</em></span> <span class='ocrx_word' id='word_1_147' title='bbox 201 2962 424 3028; x_wconf 67' lang='grc' dir='ltr'>κατατίθενται</span> <span class='ocrx_word' id='word_1_148' title='bbox 436 2965 549 3048; x_wconf 79' lang='grc' dir='ltr'><strong><em>κενούς,</em></strong></span> <span class='ocrx_word' id='word_1_149' title='bbox 563 2988 640 3045; x_wconf 85' lang='grc' dir='ltr'><strong><em>ταρ-</em></strong></span> 
     </span>
     <span class='ocr_line' id='line_1_24' title="bbox 93 3067 638 3155; baseline 0.002 -23"><span class='ocrx_word' id='word_1_150' title='bbox 93 3067 182 3133; x_wconf 81' lang='grc' dir='ltr'><strong><em>ίντυν</em></strong></span> <span class='ocrx_word' id='word_1_151' title='bbox 207 3069 259 3134; x_wconf 82' lang='grc' dir='ltr'>καῖ</span> <span class='ocrx_word' id='word_1_152' title='bbox 284 3076 342 3135; x_wconf 79' lang='grc' dir='ltr'>τῶν</span> <span class='ocrx_word' id='word_1_153' title='bbox 362 3073 445 3140; x_wconf 58' lang='lat' dir='ltr'>esav</span> <span class='ocrx_word' id='word_1_154' title='bbox 467 3072 518 3135; x_wconf 80' lang='grc' dir='ltr'>καί</span> <span class='ocrx_word' id='word_1_155' title='bbox 540 3070 638 3155; x_wconf 74' lang='grc' dir='ltr'><strong><em>ξένων,</em></strong></span> 
     </span>
     <span class='ocr_line' id='line_1_25' title="bbox 94 3175 642 3258; baseline 0.005 -20"><span class='ocrx_word' id='word_1_156' title='bbox 94 3175 117 3238; x_wconf 87' lang='grc' dir='ltr'>εῖ</span> <span class='ocrx_word' id='word_1_157' title='bbox 137 3176 262 3256; x_wconf 78' lang='grc' dir='ltr'><strong><em>τύχοιεν</em></strong></span> <span class='ocrx_word' id='word_1_158' title='bbox 282 3176 522 3253; x_wconf 74' lang='grc' dir='ltr'><strong><em>ἐπιδημοῦντες·</em></strong></span> <span class='ocrx_word' id='word_1_159' title='bbox 543 3181 642 3258; x_wconf 83' lang='grc' dir='ltr'><strong><em>σφρα-</em></strong></span> 
     </span>
     <span class='ocr_line' id='line_1_26' title="bbox 94 3281 639 3361; baseline 0.002 -17"><span class='ocrx_word' id='word_1_160' title='bbox 94 3281 185 3357; x_wconf 75' lang='grc' dir='ltr'><strong><em>γῖδας</em></strong></span> <span class='ocrx_word' id='word_1_161' title='bbox 212 3282 243 3347; x_wconf 76' lang='grc' dir='ltr'>δὲ</span> <span class='ocrx_word' id='word_1_162' title='bbox 267 3283 357 3347; x_wconf 81' lang='grc' dir='ltr'><strong><em>αὐτοί</em></strong></span> <span class='ocrx_word' id='word_1_163' title='bbox 376 3307 412 3346; x_wconf 87' lang='grc' dir='ltr'>τε</span> <span class='ocrx_word' id='word_1_164' title='bbox 430 3284 456 3347; x_wconf 88' lang='grc' dir='ltr'>οῖ</span> <span class='ocrx_word' id='word_1_165' title='bbox 477 3284 563 3361; x_wconf 76' lang='grc' dir='ltr'><strong><em>ἱερεῖς</em></strong></span> <span class='ocrx_word' id='word_1_166' title='bbox 586 3284 639 3347; x_wconf 89' lang='grc' dir='ltr'>καί</span> 
     </span>
     <span class='ocr_line' id='line_1_27' title="bbox 96 3386 641 3466; baseline 0.004 -17"><span class='ocrx_word' id='word_1_167' title='bbox 96 3394 150 3450; x_wconf 79' lang='grc' dir='ltr'>τῶν</span> <span class='ocrx_word' id='word_1_168' title='bbox 173 3387 280 3452; x_wconf 76' lang='grc' dir='ltr'><strong><em>ἄλλων</em></strong></span> <span class='ocrx_word' id='word_1_169' title='bbox 303 3386 381 3460; x_wconf 76' lang='grc' dir='ltr'><strong><em>ὅσοις</em></strong></span> <span class='ocrx_word' id='word_1_170' title='bbox 401 3388 438 3452; x_wconf 79' lang='grc' dir='ltr'>οόν</span> <span class='ocrx_word' id='word_1_171' title='bbox 460 3389 545 3452; x_wconf 78' lang='grc' dir='ltr'><strong><em>κατα</em></strong></span> <span class='ocrx_word' id='word_1_172' title='bbox 567 3390 641 3466; x_wconf 76' lang='grc' dir='ltr'><strong><em>γνώ-</em></strong></span> 
     </span>
     <span class='ocr_line' id='line_1_28' title="bbox 95 3491 643 3574; baseline 0.004 -18"><span class='ocrx_word' id='word_1_173' title='bbox 95 3517 153 3569; x_wconf 83' lang='grc' dir='ltr'><strong><em>μιρν</em></strong></span> <span class='ocrx_word' id='word_1_174' title='bbox 184 3491 220 3573; x_wconf 66' lang='grc' dir='ltr'>ᾖ,</span> <span class='ocrx_word' id='word_1_175' title='bbox 252 3502 324 3567; x_wconf 81' lang='grc' dir='ltr'><strong><em>ταῖς</em></strong></span> <span class='ocrx_word' id='word_1_176' title='bbox 358 3494 459 3574; x_wconf 79' lang='grc' dir='ltr'><strong><em>θύραις</em></strong></span> <span class='ocrx_word' id='word_1_177' title='bbox 484 3499 539 3558; x_wconf 82' lang='grc' dir='ltr'>τοῦ</span> <span class='ocrx_word' id='word_1_178' title='bbox 565 3495 643 3567; x_wconf 71' lang='grc' dir='ltr'><strong><em>οῖκιί-</em></strong></span> 
     </span>
     <span class='ocr_line' id='line_1_29' title="bbox 97 3599 646 3683; baseline 0.004 -22"><span class='ocrx_word' id='word_1_179' title='bbox 97 3622 194 3674; x_wconf 83' lang='grc' dir='ltr'><strong><em>ματος</em></strong></span> <span class='ocrx_word' id='word_1_180' title='bbox 220 3599 455 3683; x_wconf 70' lang='grc' dir='ltr'><strong><em>ἐπιβάλλουσιν,</em></strong></span> <span class='ocrx_word' id='word_1_181' title='bbox 481 3600 511 3671; x_wconf 79' lang='grc' dir='ltr'>ἐς</span> <span class='ocrx_word' id='word_1_182' title='bbox 537 3599 569 3662; x_wconf 75' lang='grc' dir='ltr'>δὲ</span> <span class='ocrx_word' id='word_1_183' title='bbox 591 3601 646 3672; x_wconf 70' lang='grc' dir='ltr'>τὴν</span> 
     </span>
     <span class='ocr_line' id='line_1_30' title="bbox 99 3705 645 3784; baseline 0.004 -17"><span class='ocrx_word' id='word_1_184' title='bbox 99 3705 241 3769; x_wconf 83' lang='grc' dir='ltr'><strong><em>ε’τιοῦσαν</em></strong></span> <span class='ocrx_word' id='word_1_185' title='bbox 261 3706 303 3771; x_wconf 82' lang='grc' dir='ltr'>τοί</span> <span class='ocrx_word' id='word_1_186' title='bbox 324 3731 359 3770; x_wconf 86' lang='grc' dir='ltr'>τε</span> <span class='ocrx_word' id='word_1_187' title='bbox 380 3714 496 3784; x_wconf 82' lang='grc' dir='ltr'><strong><em>σνροεῖα</em></strong></span> <span class='ocrx_word' id='word_1_188' title='bbox 515 3706 645 3781; x_wconf 78' lang='grc' dir='ltr'><strong><em>ἐπιγνῶ-</em></strong></span> 
     </span>
     <span class='ocr_line' id='line_1_31' title="bbox 98 3812 640 3893; baseline 0.002 -19"><span class='ocrx_word' id='word_1_189' title='bbox 98 3834 144 3876; x_wconf 89' lang='grc' dir='ltr'>ναι</span> <span class='ocrx_word' id='word_1_190' title='bbox 166 3812 281 3891; x_wconf 79' lang='grc' dir='ltr'><strong><em>τοίρεςί</em></strong></span> <span class='ocrx_word' id='word_1_191' title='bbox 295 3822 385 3893; x_wconf 85' lang='grc' dir='ltr'><strong><em>σφισι</em></strong></span> <span class='ocrx_word' id='word_1_192' title='bbox 400 3812 452 3876; x_wconf 85' lang='grc' dir='ltr'>καί</span> <span class='ocrx_word' id='word_1_193' title='bbox 466 3812 640 3884; x_wconf 78' lang='grc' dir='ltr'><strong><em>ἐσελθόντες</em></strong></span> 
     </span>
     <span class='ocr_line' id='line_1_32' title="bbox 99 3917 641 4000; baseline 0.004 -21"><span class='ocrx_word' id='word_1_194' title='bbox 99 3917 126 3986; x_wconf 74' lang='grc' dir='ltr'>ἕο</span> <span class='ocrx_word' id='word_1_195' title='bbox 156 3917 191 3984; x_wconf 75' lang='grc' dir='ltr'>τί</span> <span class='ocrx_word' id='word_1_196' title='bbox 216 3918 331 3993; x_wconf 81' lang='grc' dir='ltr'><strong><em>οῖκνροα</em></strong></span> <span class='ocrx_word' id='word_1_197' title='bbox 356 3918 541 4000; x_wconf 80' lang='grc' dir='ltr'><strong><em>εὑρίσκουσιν</em></strong></span> <span class='ocrx_word' id='word_1_198' title='bbox 566 3918 641 3982; x_wconf 89' lang='grc' dir='ltr'><strong><em>οῖνου</em></strong></span> 
     </span>
     <span class='ocr_line' id='line_1_33' title="bbox 98 4023 641 4102; baseline 0.004 -17"><span class='ocrx_word' id='word_1_199' title='bbox 98 4024 333 4102; x_wconf 73' lang='grc' dir='ltr'><strong><em>πεπλασμένους</em></strong></span> <span class='ocrx_word' id='word_1_200' title='bbox 376 4024 446 4096; x_wconf 82' lang='grc' dir='ltr'><strong><em>τοὺς</em></strong></span> <span class='ocrx_word' id='word_1_201' title='bbox 491 4023 641 4100; x_wconf 73' lang='grc' dir='ltr'><strong><em>λέβητας.</em></strong></span> 
     </span>
     <span class='ocr_line' id='line_1_34' title="bbox 99 4127 644 4207; baseline 0.006 -17"><span class='ocrx_word' id='word_1_202' title='bbox 99 4134 202 4193; x_wconf 80' lang='grc' dir='ltr'><strong><em>ταῦτα</em></strong></span> <span class='ocrx_word' id='word_1_203' title='bbox 226 4129 354 4194; x_wconf 79' lang='grc' dir='ltr'><strong><em>Ἠλείων</em></strong></span> <span class='ocrx_word' id='word_1_204' title='bbox 375 4154 410 4193; x_wconf 88' lang='grc' dir='ltr'>τε</span> <span class='ocrx_word' id='word_1_205' title='bbox 431 4132 456 4193; x_wconf 88' lang='grc' dir='ltr'>οῖ</span> <span class='ocrx_word' id='word_1_206' title='bbox 476 4127 644 4207; x_wconf 77' lang='grc' dir='ltr'><strong><em>δοκιμώτα-</em></strong></span> 
     </span>
     <span class='ocr_line' id='line_1_35' title="bbox 100 4233 646 4316; baseline 0 -17"><span class='ocrx_word' id='word_1_207' title='bbox 100 4259 142 4300; x_wconf 92' lang='grc' dir='ltr'>τοι</span> <span class='ocrx_word' id='word_1_208' title='bbox 174 4233 278 4316; x_wconf 69' lang='grc' dir='ltr'><strong><em>ἄνδρες</em></strong></span> <span class='ocrx_word' id='word_1_209' title='bbox 310 4236 366 4300; x_wconf 78' lang='grc' dir='ltr'>σὺν</span> <span class='ocrx_word' id='word_1_210' title='bbox 397 4238 502 4306; x_wconf 74' lang='grc' dir='ltr'><strong><em>αὐτοῖς</em></strong></span> <span class='ocrx_word' id='word_1_211' title='bbox 527 4236 556 4300; x_wconf 76' lang='grc' dir='ltr'>δὲ</span> <span class='ocrx_word' id='word_1_212' title='bbox 594 4235 646 4300; x_wconf 85' lang='grc' dir='ltr'>καί</span> 
     </span>
     <span class='ocr_line' id='line_1_36' title="bbox 101 4339 647 4422; baseline 0.002 -17"><span class='ocrx_word' id='word_1_213' title='bbox 101 4340 173 4417; x_wconf 75' lang='grc' dir='ltr'><strong><em>ξένοι</em></strong></span> <span class='ocrx_word' id='word_1_214' title='bbox 208 4342 407 4417; x_wconf 79' lang='grc' dir='ltr'><strong><em>κατώμνυντο</em></strong></span> <span class='ocrx_word' id='word_1_215' title='bbox 443 4339 528 4422; x_wconf 78' lang='grc' dir='ltr'><strong><em>ἔχειν</em></strong></span> <span class='ocrx_word' id='word_1_216' title='bbox 561 4341 647 4406; x_wconf 70' lang='grc' dir='ltr'><strong><em>κατὰ</em></strong></span> 
     </span>
     <span class='ocr_line' id='line_1_37' title="bbox 102 4447 660 4527; baseline -0.005 -18"><span class='ocrx_word' id='word_1_217' title='bbox 102 4447 141 4509; x_wconf 74' lang='grc' dir='ltr'>τοὶ</span> <span class='ocrx_word' id='word_1_218' title='bbox 162 4447 323 4527; x_wconf 74' lang='grc' dir='ltr'><strong><em>εἰρημένα,</em></strong></span> <span class='ocrx_word' id='word_1_219' title='bbox 344 4447 410 4511; x_wconf 74' lang='grc' dir='ltr'>ἐπεὶ</span> <span class='ocrx_word' id='word_1_220' title='bbox 431 4447 523 4519; x_wconf 79' lang='grc' dir='ltr'><strong><em>αὖτίς</em></strong></span> <span class='ocrx_word' id='word_1_221' title='bbox 538 4472 576 4525; x_wconf 75' lang='grc' dir='ltr'>γε</span> <span class='ocrx_word' id='word_1_222' title='bbox 590 4449 660 4511; x_wconf 82' lang='grc' dir='ltr'><strong><em>οὐκ,</em></strong></span> 
     </span>
     <span class='ocr_line' id='line_1_38' title="bbox 104 4552 647 4635; baseline 0.002 -21"><span class='ocrx_word' id='word_1_223' title='bbox 104 4552 130 4623; x_wconf 82' lang='grc' dir='ltr'>ἐς</span> <span class='ocrx_word' id='word_1_224' title='bbox 155 4555 255 4635; x_wconf 81' lang='grc' dir='ltr'><strong><em>καιρὸν</em></strong></span> <span class='ocrx_word' id='word_1_225' title='bbox 280 4553 439 4633; x_wconf 76' lang='grc' dir='ltr'><strong><em>οὶφικίροιρν</em></strong></span> <span class='ocrx_word' id='word_1_226' title='bbox 460 4560 515 4625; x_wconf 74' lang='grc' dir='ltr'>τῆς</span> <span class='ocrx_word' id='word_1_227' title='bbox 538 4553 647 4633; x_wconf 78' lang='grc' dir='ltr'><strong><em>ἑορτῆς.</em></strong></span> 
     </span>
    </p>
   </div>
   <div class='ocr_carea' id='block_1_3' title="bbox 0 0 1621 5325">
    <p class='ocr_par' dir='ltr' id='par_1_6' title="bbox 0 0 1621 5325">
     <span class='ocr_line' id='line_1_39' title="bbox 0 0 1621 5325; baseline 0 0"><span class='ocrx_word' id='word_1_228' title='bbox 0 0 1621 5325; x_wconf 95' lang='lat' dir='ltr'> </span> 
     </span>
    </p>
   </div>
  </div>
 </body>
</html>
