3192 5325
910 498 972 562 142

365 684 459 751 enim
493 701 614 749 sumus
648 683 745 764 idque
781 681 979 748 confitemur
1012 697 1077 761 quo
1111 682 1260 762 tempore
1292 681 1498 762 baptizamur.

361 789 476 855 Etiam
501 774 751 855 attendendum
769 787 812 854 ad
831 789 1017 870 perfectum
1037 786 1225 862 γεγόναμεν,
1249 786 1420 854 Praeterea
1437 804 1500 852 sen-

362 896 472 962 tentia
505 896 634 961 laborat
663 911 714 959 vs.
748 894 792 974 ὃν,
830 911 911 959 nam
944 894 1055 974 potest
1082 891 1226 957 dubitari
1249 909 1315 974 quo
1337 893 1500 972 genetivus

363 999 494 1066 θανάτου
522 1000 715 1067 referendus
738 999 804 1080 sit,
830 998 888 1065 sed
908 997 979 1064 dele
1002 999 1043 1065 τῶ
1065 997 1233 1074 ὁμοιώματι
1254 1001 1290 1064 et
1308 998 1500 1064 difficlsstaiis

366 1107 450 1173 nihil
473 1106 647 1189 supererit.

407 1213 521 1278 Etiam
543 1209 721 1290 languidus
748 1227 869 1277 versus
893 1212 914 1275 8
938 1209 1033 1276 Pauli
1058 1210 1212 1292 Episcopi
1235 1213 1307 1277 est:
1332 1210 1501 1278 nonenim

364 1318 530 1384 credimus
553 1335 616 1383 nos
636 1334 711 1383 esse
730 1319 894 1400 υίοίιιοοε,
918 1317 975 1381 sed
993 1318 1151 1382 novimus
1170 1335 1231 1383 nos
1242 1318 1358 1384 vivere
1371 1317 1433 1402 (vs.
1447 1318 1501 1393 ll).

410 1425 503 1506 Quod
527 1424 652 1491 Paulus
676 1424 860 1505 Episcopus
884 1422 1073 1505 inchoavit,
1098 1440 1167 1489 vss.
1192 1423 1301 1489 3-11
1322 1424 1440 1490 leviter
1453 1423 1503 1488 im-

366 1530 555 1614 mutandis,
589 1547 695 1611 quum
722 1529 762 1594 de
785 1526 874 1594 coslo
898 1529 1011 1593 omnia
1035 1529 1071 1593 in
1095 1530 1220 1594 terram
1243 1529 1433 1595 detruderet
1452 1529 1505 1593 for·

361 1639 530 1718 tunaeque
554 1636 732 1718 subjiceret
756 1636 792 1700 et
817 1633 978 1714 σύμφυσιν
1008 1633 1179 1710 ὁμοιώματι
1202 1635 1369 1717 firmaret,
1393 1635 1426 1700 id
1446 1651 1506 1716 per-

363 1744 442 1810 fecit
465 1743 500 1808 in
523 1741 628 1808 altera
651 1743 747 1822 parte
770 1740 873 1822 huJus
897 1740 1019 1820 capitis
1044 1741 1370 1824 versibus12-23‚
1394 1741 1505 1822 quibus
1571 1753 1574 1888 ρ

365 1867 405 1915 ea
436 1864 520 1930 quae
550 1846 772 1929 philosophice
805 1845 977 1927 disputata
1008 1847 1143 1913 fuerant
1173 1864 1242 1912 vss.
1268 1847 1506 1929 3—11,adap-
1573 1893 1574 1900 ι

296 1953 302 1964 ’
366 1957 485 2020 tantur
512 1952 677 2018 Ecclesiae
708 1951 837 2016 usibus.
870 1951 946 2016 Jam
975 1953 1133 2018 novimus
1157 1953 1319 2034 quomodo
1342 1953 1379 2018 in
1403 1970 1440 2018 eo
1461 1969 1506 2016 ne·

366 2059 455 2140 gotio
478 2075 514 2124 se
533 2074 644 2137 gerere
668 2057 774 2122 soleat
797 2059 833 2120 et
857 2060 933 2138 post
957 2075 1026 2123 vss.
1052 2059 1160 2123 3-11
1188 2060 1259 2140 jam
1272 2059 1333 2140 ipsi
1349 2075 1506 2140 propemo
1574 2061 1575 2066 ’

367 2166 448 2231 dum
477 2182 546 2230 vss.
581 2163 714 2228 12-23
738 2162 967 2244 potuissemus
989 2164 1157 2247 supplere,
1185 2164 1214 2229 si
1238 2165 1323 2231 forte
1347 2165 1503 2230 deessent.

415 2271 476 2336 Vs.
504 2272 559 2336 14⁸
582 2269 726 2346 οὶμαρτίοι
752 2270 832 2344 ὑμῶν
857 2269 890 2331 οὐ
915 2267 1062 2347 κυριεύσει
1078 2271 1126 2346 Ι111
1149 2271 1235 2352 quod
1257 2272 1368 2336 fiderat
1392 2273 1435 2347 μὴ
1454 2269 1506 2348 βα·
1576 2290 1577 2358 l

370 2374 515 2440 σιλευὲτω
547 2377 564 2450 ἡ
589 2374 730 2452 οὶικοιρτίοι
754 2374 799 2459 (ἓν
824 2373 908 2459 ὑμῖν)
931 2393 982 2440 vs.
1010 2377 1061 2442 12.
1089 2382 1185 2451 Σῶμα
1211 2377 1324 2461 νεκρὸν,
1351 2379 1439 2460 quod
1460 2395 1507 2443 ne·
1576 2359 1577 2414 1

238 2482 241 2490 ’
342 2542 345 2546 1
369 2483 511 2548 cessario
535 2481 815 2560 subintelligimus
834 2498 940 2562 quum
959 2480 1101 2561 legimus
1120 2482 1358 2566 συνετάφημεν,
1372 2507 1508 2551 συνεςαυ-
1577 2470 1578 2564 l

369 2587 444 2667 ρώθν
458 2591 576 2673 (vss.4
601 2591 637 2652 et
660 2589 704 2671 6),
729 2587 770 2652 fit
794 2593 884 2662 σῶμα
911 2588 1024 2664 θνητὸν,
1043 2605 1109 2670 quo
1122 2589 1226 2655 etiam
1236 2589 1349 2656 fideles
1360 2592 1508 2656 utuntur.

371 2693 439 2759 Ἵνα
462 2694 641 2773 καταργηθῇ
665 2693 700 2779 τὸ
724 2700 817 2769 σῶμα
837 2699 892 2765 τῆς
915 2695 1074 2771 ἁμαρτίας
1095 2713 1145 2760 vs.
1170 2696 1191 2759 6
1216 2696 1257 2761 fit
1279 2695 1360 2769 μηδὲ
1388 2694 1509 2776 αοιριεοὶ·

374 2824 442 2866 νοτε
463 2802 506 2865 σοὶ
530 2800 611 2876 μέλκ
637 2800 718 2875 ὑμῶν
741 2808 779 2879 τῇ
805 2800 965 2882 ἁμαρτίᾳ,
996 2820 1044 2867 vs.
1072 2803 1124 2866 13.
1150 2802 1315 2883 Σύμφυτοι
1338 2804 1511 2880 γεγόναμεν

372 2912 425 2972 σοῦ
449 2904 580 2970 θανάτου
600 2905 651 2969 καὶ
671 2914 725 2980 νῆα
738 2903 922 2976 αναςιὶσευι
934 2910 1041 2985 zaccari
1055 2906 1120 2991 (vs.
1135 2907 1169 2986 dl
1181 2908 1510 2975 obscuraturverbis:

373 3014 426 3077 οὔκ
449 3012 552 3076 cilum
577 3006 597 3093 ᾧ
622 3012 809 3091 ιιαριςσένετε
839 3004 965 3083 ἕαυσοὺς
990 3012 1111 3081 δούλους
1131 3013 1230 3076 δοῦλοί
1253 3014 1304 3079 ἐςε
1329 3014 1392 3089 ἤτοι
1416 3015 1511 3093 οὶμαρ·

371 3117 480 3194 viaet
509 3121 644 3192 ὑπακοῆς
668 3119 733 3203 (vs.
758 3120 822 3195 16),
849 3120 944 3201 quasi
963 3120 1403 3204 quamquisquevoluisset,
1418 3123 1511 3188 domi·

372 3242 455 3290 num
482 3225 620 3290 haberet
653 3228 755 3305 atque
785 3225 875 3289 inter
906 3225 1030 3290 bonum
1060 3224 1250 3306 malumque
1281 3225 1314 3291 id
1337 3226 1512 3293 interesset

373 3330 460 3412 quod
492 3331 579 3396 inter
611 3333 781 3396 mortuum
813 3334 849 3395 et
873 3330 1002 3395 vivum.
1028 3330 1182 3396 Christus
1205 3350 1348 3414 quocum
1371 3350 1511 3399 concres-

373 3436 480 3501 cimus
509 3442 570 3512 (vs.
605 3439 636 3513 5)
667 3436 777 3501 locum
807 3436 894 3501 cedit
924 3435 1009 3515 σύσιρ
1042 3436 1187 3518 διδαχῆς,
1222 3438 1275 3503 cui
1298 3455 1454 3520 paremus
1476 3442 1512 3504 ut

373 3542 451 3607 boni
473 3542 537 3606 viri
559 3542 742 3608 evadamus
766 3542 830 3627 (vs.
857 3542 922 3626 17).
950 3543 1012 3623 Qui
1035 3544 1175 3625 scriptor
1198 3544 1279 3609 dum
1301 3544 1369 3610 alte
1390 3545 1513 3626 evolat,

372 3665 540 3729 nusquam
572 3666 709 3713 cursum
743 3647 959 3729 intermittit,
992 3649 1158 3730 excipitur
1188 3650 1231 3715 ab
1254 3648 1317 3715 alio
1340 3651 1398 3731 qui
1420 3651 1514 3717 inter·

372 3752 473 3836 pellat
503 3771 539 3819 se
568 3754 697 3835 ipsum:
722 3754 899 3833 ἀνθρώπινον
923 3754 1006 3830 λέγω
1032 3751 1082 3816 δια
1107 3756 1161 3819 risu
1186 3755 1343 3819 ἀσθένειαν
1366 3766 1423 3829 τῆς
1447 3782 1515 3836 σαρ-

374 3858 424 3930 κὸς
457 3859 537 3934 ὑμῶν
569 3866 630 3939 (vs.
666 3862 731 3943 19).
762 3860 825 3925 Cui
855 3861 878 3925 ii
911 3863 1047 3925 tantum
1070 3878 1147 3926 vere
1171 3862 1295 3927 vivunt
1317 3863 1373 3944 qui
1398 3864 1516 3929 vivunt

373 3966 415 4044 τῷ
440 3964 493 4044 θεῷ
517 3972 578 4042 (vs.
605 3966 670 4050 11),
695 3966 851 4047 potuitne
873 3966 903 4031 is
927 3966 1085 4032 scribere:
1108 3967 1252 4045 ἐλεύθεροι
1280 3976 1317 4045 τῇ
1347 3966 1517 4049 δικαιοσύνῃ

374 4087 427 4136 vs.
460 4071 528 4135 20?
554 4071 614 4136 Oui
637 4072 710 4137 vita
733 4073 769 4137 et
793 4088 884 4137 mors
908 4071 1024 4137 stricto
1050 4089 1152 4138 sensu
1176 4074 1219 4138 ab
1238 4073 1372 4155 justitia
1395 4079 1431 4140 et
1452 4093 1518 4157 pec·

374 4178 450 4245 cato
480 4176 563 4242 nihil
590 4177 764 4261 differunt,
798 4176 954 4258 potuitne
984 4176 1037 4244 ille
1069 4178 1177 4244 vitam
1209 4177 1354 4259 χάρισμα
1379 4182 1445 4245 θεοῦ
1468 4201 1518 4265 ap-

374 4280 494 4363 pellare
516 4285 553 4348 et
576 4285 720 4349 mortem
742 4281 859 4360 ὀψώνια
884 4290 940 4355 τῆς
964 4282 1122 4362 ἁμαρτίας
1139 4284 1174 4369 Ι).

367 4521 369 4524 ’
413 4517 441 4581 l)
463 4518 516 4567 Vae.
538 4517 586 4568 14b
608 4520 632 4566 et
650 4518 682 4567 lt
699 4517 745 4566 huc
763 4517 851 4584 recepti
869 4522 925 4568 eunt
941 4516 1034 4569 librarii
1052 4518 1153 4570 alicuine
1170 4536 1258 4571 errore.
1276 4521 1364 4587 Agitur
1380 4522 1459 4574 ibide
1475 4524 1520 4575 aliu
