3192 5325
607 588 669 653 193

77 768 217 848 Pugnant
240 771 330 835 inter
351 787 387 835 se
413 771 428 841 l
455 772 491 834 et
518 770 575 849 123
604 770 681 833 261
707 770 765 849 11;
793 772 814 831 3
838 771 874 832 61
897 769 927 847 6,
954 769 992 848 7;
1018 769 1038 831 5
1062 771 1097 833 ot
1121 769 1149 850 4,
1176 771 1205 850 8,

79 878 119 941 10.
149 876 229 941 Tam
260 876 427 944 contraria
458 878 497 940 ut
524 874 765 956 quodammodo
789 874 1018 957 conciliemus,
1043 892 1097 940 res
1120 891 1208 956 repe·

77 982 163 1048 tenda
191 986 246 1047 est
272 984 314 1049 ab
338 982 512 1063 repentina
534 981 629 1046 Pauli
653 981 879 1047 conversione.
904 982 979 1062 Ipse
1000 999 1105 1063 quum
1127 986 1209 1047 tem·

77 1088 152 1167 poris
186 1091 356 1153 momento
391 1090 561 1152 mutatus
581 1087 746 1152 evasisset
782 1088 879 1179 plane
909 1086 1064 1153 diversus
1094 1088 1135 1152 ab
1170 1103 1209 1151 ea

77 1209 200 1270 persona
232 1211 335 1275 quam
366 1194 537 1273 hucusque
568 1194 793 1273 sustinuerat,
826 1209 864 1257 ac
894 1193 1096 1275 perspiceret
1128 1192 1210 1256 nibil

77 1297 160 1375 plane
189 1316 276 1379 esse,
310 1316 368 1363 cur
399 1298 517 1362 ludaei
547 1297 657 1362 Deum
688 1301 879 1363 metuentes
898 1298 1016 1363 lesum
1038 1314 1209 1378 perseque-

76 1406 193 1487 rentur,
219 1405 404 1470 arbitratus
427 1407 497 1485 est,
523 1404 609 1484 quod
628 1421 732 1484 paene
751 1421 887 1470 necesse
906 1404 987 1486 init,
1001 1404 1117 1468 itidem
1128 1403 1209 1467 alios

77 1526 167 1590 aeque
185 1511 334 1576 celeriter
356 1513 487 1575 mutare
510 1527 607 1589 posse
631 1510 882 1591 persuasionem
900 1511 955 1587 (l).
980 1510 1061 1574 Post
1078 1512 1207 1591 autem,

77 1614 125 1679 diu
144 1620 233 1697 post,
260 1617 290 1681 si
313 1618 361 1682 ita
384 1616 512 1700 mavis,
539 1617 657 1681 multis
679 1618 905 1682 renitentibus
927 1617 1055 1698 etjam
1074 1616 1211 1681 meliora

77 1723 267 1802 experientia
291 1723 445 1805 edoctus,
468 1722 600 1802 linguae
620 1726 804 1804 temperat,
823 1723 960 1789 adhibet
979 1723 1125 1803 prudens
1137 1739 1210 1786 con·

75 1826 174 1892 silium
214 1846 276 1894 nec
312 1828 440 1910 spernit
473 1830 677 1910 opportunas
718 1830 926 1910 captationes
960 1828 1211 1894 benevolentiae

75 1932 144 2015 (12).
164 1934 271 2013 Quum
291 1934 433 1999 firmiter
452 1951 650 2015 persuasum
670 1934 808 2017 habeat,
830 1935 1039 2000 destinatum
1059 1934 1211 1999 sciuisse

75 2040 108 2101 ut
137 2056 255 2106 nouam
286 2041 479 2120 religionem
511 2038 698 2105 Gentilibus
729 2042 879 2122 afferret,
915 2042 1038 2107 metuit
1068 2039 1212 2121 nequid

75 2145 188 2211 temere
210 2147 404 2212 committat
428 2148 464 2211 et
487 2149 566 2210 ante
590 2149 726 2227 tempus
745 2146 787 2211 ad
807 2150 937 2212 metam
956 2147 1130 2228 perveniat
1149 2148 1209 2229 (2),

75 2250 127 2313 sed
155 2252 302 2316 confecto
333 2269 434 2316 cursu
467 2252 585 2330 flagrat
608 2252 792 2333 cupiditate
815 2270 939 2317 novam
963 2252 1119 2318 Judaioae
1141 2252 1212 2315 reli·

74 2354 170 2431 gionis
192 2356 335 2423 formam
359 2356 536 2451 profitendi
559 2356 802 2438 Hierosolymis
825 2358 860 2422 in
884 2358 992 2438 capito
1012 2358 1122 2436 gentis
1142 2359 1212 2421 tan·
1338 2425 1340 2428 ,

74 2462 186 2543 tusque
216 2463 313 2528 ardor
343 2462 497 2527 animum
523 2462 667 2545 invadit,
693 2466 733 2527 ut
757 2464 880 2543 spretis
903 2464 1072 2529 continuis
1094 2462 1210 2528 amico-

73 2582 143 2631 rum
163 2567 445 2634 admonitionibus
470 2566 629 2631 audacter
651 2568 786 2633 obviam
806 2568 1032 2649 proficiscatur
1051 2569 1210 2651 periculo,

74 2673 152 2750 quod
174 2665 236 2740 sibi
259 2676 301 2740 ab
326 2673 642 2754 Hierosolymitanis
665 2675 840 2739 imminere
864 2678 970 2741 sentit
992 2676 1071 2760 (11).

114 2778 335 2858 Quantumvis
376 2770 551 2856 magnifice
583 2780 725 2844 sentiret
757 2781 796 2846 de
819 2782 1008 2863 vocatione,
1035 2798 1137 2862 quam
1159 2799 1213 2847 ex-

73 2887 180 2962 pertus
210 2886 337 2965 iuerat,
370 2882 466 2949 initio
489 2886 606 2948 tamen
629 2886 829 2950 movebatur
851 2887 1076 2952 recordatione
1098 2887 1214 2952 eorum

74 3006 151 3069 quae
181 2995 260 3056 ante
291 2989 543 3055 conversionem
575 2994 689 3068 egerat
712 3009 813 3073 seque
836 2992 1025 3059 inferiorem
1044 3011 1118 3058 esse
1141 3011 1213 3058 sen·
1251 3014 1253 3016 ·

74 3096 171 3162 tiebat
204 3096 340 3178 reliquis
376 3095 535 3176 apostolis
569 3099 605 3160 et
639 3096 673 3160 in
704 3099 903 3163 universum
933 3100 1104 3183 omnibus,
1130 3117 1213 3181 quos

72 3201 145 3268 olim
162 3203 272 3268 fuerat
289 3203 501 3283 persecutus,
523 3202 604 3266 adeo
625 3204 665 3265 ut
685 3203 744 3268 vir
764 3205 944 3285 quidquam
964 3205 1095 3286 proprio
1118 3208 1214 3271 motu

70 3308 230 3390 suscipere
254 3307 392 3373 auderet
414 3310 450 3371 et
470 3306 505 3370 in
530 3307 630 3372 rebus
650 3311 799 3375 extemis
821 3327 857 3375 se
875 3310 1017 3375 libenter
1035 3311 1109 3375 aliis
1128 3327 1213 3376 com-

71 3414 217 3480 mitteret
249 3413 311 3498 (3),
347 3412 405 3478 sed
429 3415 608 3493 postquam
632 3431 772 3479 manum
795 3419 907 3481 aratro
931 3417 1098 3499 admovit,
1125 3433 1214 3482 sem-

72 3534 127 3596 per
155 3521 283 3585 mansit
304 3519 393 3582 idem
416 3517 485 3596 ille,
511 3518 568 3597 qui
586 3518 670 3582 'olim
694 3524 831 3600 repente
853 3523 1008 3590 animum
1030 3521 1093 3588 alio
1116 3521 1214 3603 appli-

72 3632 179 3691 cuerat
203 3625 251 3710 (6)
275 3628 310 3689 et
334 3623 422 3705 apud
445 3640 517 3704 eos,
549 3640 632 3703 quos
663 3627 860 3707 neutiquam
888 3629 1054 3709 suspicere
1079 3644 1214 3692 necesse

71 3735 154 3815 erat,
187 3734 259 3798 sive
288 3730 375 3811 quod
397 3730 510 3792 aetate
530 3728 678 3809 Juniores
702 3735 818 3815 erant,
846 3733 918 3799 sive
940 3734 1082 3799 fortasse
1105 3736 1214 3798 aucto-

71 3837 165 3903 ritate
189 3838 351 3919 minores,
375 3835 514 3910 minime
532 3837 671 3914 paratus
691 3841 764 3902 erat
785 3856 883 3905 suam
903 3839 1109 3904 sententiam
1128 3842 1214 3918 post·

72 3959 189 4020 ponere
208 3942 344 4008 alienae.

114 4047 191 4113 Plus
222 4043 412 4126 tribuebat,
438 4045 491 4109 uti
525 4046 687 4131 vidimus,
716 4067 818 4115 sanae
840 4050 962 4115 rationi
986 4068 1087 4131 quam
1110 4050 1216 4115 animi

70 4151 241 4218 affectibus
270 4168 376 4233 neque
406 4151 468 4219 hoc
494 4150 638 4217 fortasse
661 4154 854 4219 mirandum
877 4153 913 4218 in
935 4171 990 4236 eo,
1016 4155 1052 4219 in
1077 4173 1141 4236 quo
1164 4157 1216 4220 iti-

70 4257 145 4323 dem
175 4257 453 4339 deprehendimus
476 4273 551 4320 esse
575 4259 852 4341 teneritudinem,
876 4260 1042 4341 impetum
1065 4264 1101 4324 et
1124 4279 1212 4343 mys-

69 4364 199 4429 ticismo
223 4365 374 4430 deditum
397 4363 549 4427 animum
572 4362 606 4445 (5
630 4369 666 4429 et
689 4366 718 4448 4,
744 4363 778 4446 8,
802 4367 864 4441 10).
897 4362 1028 4431 Scilicet
1051 4367 1123 4447 eius
1147 4384 1215 4448 per-

70 4471 181 4535 suasio
211 4471 340 4536 duobus
371 4467 484 4558 fulcris
518 4468 707 4549 nitebatur,
740 4488 882 4551 quorum
910 4472 1054 4537 alterum
1078 4472 1217 4537 debebat

69 4577 262 4654 repentinae
296 4577 518 4656 conversioni,
553 4575 698 4641 alterum
730 4577 875 4658 adeptus
904 4579 1015 4643 fuerat
1048 4577 1218 4643 recolendo

1076 4682 1107 4728 ra
