3192 5325
536 522 538 527 ’
676 511 738 574 167

130 709 233 757 sensu
257 710 347 758 nunc
365 711 485 775 corpus
504 693 593 757 νοεῖν
612 694 691 758 est?
710 693 829 760 Nonne
848 694 957 759 omnis
978 691 1067 756 ῖνοῖοο
1084 691 1192 772 iera?
1212 695 1278 762 dur

129 799 212 864 haec
245 800 375 876 ονερεῖο
407 801 623 881 potissimum
653 800 762 876 aoyexi
790 800 912 864 dicitur
934 799 1028 883 (nam
1051 818 1171 881 parurn
1193 801 1277 869 lucis

127 906 278 971 conseret
303 909 319 971 1
345 907 434 972 Petr.
461 909 497 990 2,
524 907 584 990 2)‘?
613 943 645 951 -
674 907 751 972 Jarn
782 905 940 971 novimus
964 907 1090 972 scilieet
1113 924 1197 988 quae
1221 925 1277 973 aa·

129 1011 217 1090 ορείοο
241 1013 310 1079 Deo
333 1014 462 1095 placeat
484 1013 538 1079 vel
556 1015 646 1078 certe
665 1011 775 1088 νορνκνὶ
794 1013 859 1086 sit,
881 1015 1051 1077 ettamen
1074 1013 1278 1095 investigare

129 1120 309 1202 debemus
334 1120 522 1186 cuiusmodi
544 1120 682 1185 tandem
705 1120 752 1185 sit
770 1118 805 1181 τὸ
827 1118 947 1192 θέλομεν
967 1122 1020 1182 τοῦ
1041 1118 1106 1182 θεοῦ
1126 1120 1275 1199 εὐοὶρεςον.

128 1226 215 1307 Quid
240 1226 379 1308 denique
403 1226 570 1305 significat
593 1225 868 1304 μετιμορφοῦοθοον
895 1225 936 1295 εἷς
962 1223 996 1287 τὸ
1021 1223 1221 1318 decrustare?

174 1333 237 1397 νε.
262 1334 283 1397 3
306 1333 418 1398 verbis
440 1331 523 1407 λέγω
547 1331 610 1409 ροὶρ
633 1333 719 1397 ratio
742 1332 813 1397 dari
836 1332 995 1396 debuerat
1018 1350 1087 1399 νεε.
1116 1335 1150 1414 1,
1177 1336 1196 1399 2
1217 1337 1275 1401 sed

129 1457 198 1504 non
229 1440 279 1504 ita
308 1438 358 1504 fit.
383 1439 498 1520 Neque
520 1439 738 1518 intelligimus
761 1438 885 1517 greum
909 1440 961 1501 τοῦ
986 1444 1164 1523 σωφρονεῖν,
1190 1442 1276 1521 quod

128 1545 214 1610 mire
245 1545 526 1610 circumscribitur
560 1562 618 1625 pro
650 1544 726 1609 fidei
757 1560 925 1609 mensura.
950 1543 1048 1607 Πνντὶ
1073 1562 1151 1610 cum
1175 1545 1275 1625 ἐνοὶοςο

125 1652 286 1732 junctum
308 1651 452 1717 nimium
475 1649 622 1715 stultum
645 1652 708 1716 est.

177 1757 237 1823 νε.
258 1760 288 1822 4.
314 1759 397 1823 Ecce
415 1759 540 1823 iterum
559 1757 749 1838 conjunctio
761 1756 835 1832 γάρ.
849 1756 1144 1823 Debemusneesse
1158 1759 1274 1842 sobrii,

127 1865 289 1945 quoniam
320 1864 500 1930 multitudo
528 1881 636 1928 unum
659 1880 778 1943 corpus
801 1863 904 1928 efficit
927 1862 980 1946 (cf.
1009 1865 1024 1928 1
1053 1864 1139 1930 Petr.
1164 1866 1194 1947 4,
1222 1863 1276 1951 ql

175 1970 237 2035 νε.
265 1972 295 2036 5.
318 1971 434 2051 Neque
456 1971 510 2035 hic
533 1987 652 2036 snmus
675 1967 756 2044 etan
781 1971 834 2032 τοῦ
858 1973 985 2046 χρνςοῖν,
1012 1971 1069 2036 sed
1094 1970 1248 2044 ἀλλήλων.

179 2077 239 2143 VS.
261 2079 301 2158 63
323 2078 342 2141 7
362 2076 515 2140 δοθεῖσαν·
537 2076 723 2157 perfectum
742 2078 967 2158 exspectatur.
984 2077 1178 2155 Προφητείονν
1190 2079 1275 2143 κατὰ

128 2184 184 2256 τὴν
219 2182 392 2260 ἀναλογίαν
423 2190 479 2257 τῆς
511 2181 623 2252 viceor
653 2186 689 2247 et
720 2181 873 2246 διακονίαν
899 2180 928 2244 ἐν
952 2191 990 2262 τῇ
1015 2182 1151 2266 διακονίᾳ
1175 2189 1276 2253 verba

128 2294 227 2370 sunt,
252 2290 375 2371 quibus
397 2307 518 2356 sensus
541 2289 653 2354 nullus
676 2290 804 2354 subest<

177 2397 257 2461 νεε.
271 2397 391 2462 8-13,
408 2395 481 2462 'His
499 2396 719 2462 nominativis
737 2398 880 2461 verbum
897 2414 964 2462 non
983 2398 1116 2464 additur
1135 2402 1171 2464 et
1189 2403 1276 2466 uter·

127 2521 193 2584 que
216 2519 380 2567 numerus
402 2503 588 2584 promiscue
612 2504 804 2583 usurpatur.

175 2609 236 2675 νε.
265 2611 305 2674 14
330 2613 412 2676 sunt
436 2609 493 2691 qui
517 2611 769 2691 peraequantur,
796 2609 855 2675 sed
878 2609 955 2677 inde
979 2611 1021 2677 ab
1044 2629 1094 2678 νε.
1120 2613 1141 2678 4
1166 2630 1274 2681 versa-

127 2718 304 2782 bamur‘in
321 2716 500 2798 tranquilla
519 2715 665 2781 Ecclesia
683 2733 787 2796 eoque
806 2716 932 2782 reditur
952 2736 1001 2783 νε.
1023 2718 1073 2783 15.
1099 2719 1167 2786 Nec
1186 2723 1275 2802 quid-

128 2841 231 2905 quam
250 2823 368 2907 refert,
390 2823 524 2888 etiamsi
544 2840 621 2887 cum
640 2823 733 2887 libris
755 2822 814 2888 Fe
839 2823 895 2888 14Ε
918 2824 1079 2907 omiseris,
1104 2844 1185 2891 nam
1208 2845 1275 2894 non

128 2930 254 3010 poteris
273 2947 342 2994 non
361 2928 514 3010 supplere
532 2928 707 3006 cogitando
725 2928 794 2997 τοὺς
816 2926 977 2999 διώκοντος
997 2931 1050 2995 vel
1065 2932 1173 2997 simile
1185 2934 1273 3013 quid.

176 3036 245 3101 Vs-
266 3034 397 3100 15-19
427 3033 616 3099 infinitivus
638 3036 674 3098 et
697 3034 871 3117 participia
892 3036 928 3101 in
951 3036 1143 3118 imperativi
1164 3039 1274 3105 locum

128 3144 323 3208 succedunt.

176 3250 237 3314 νε.
271 3250 315 3314 20
346 3249 447 3314 sicuti
479 3246 678 3332 praecedens
708 3264 828 3312 versus
860 3249 902 3313 ab
933 3249 1163 3330 conjunctione
1186 3250 1274 3315 danai

126 3356 255 3438 incipit.
280 3355 365 3437 Quid
387 3356 528 3438 scriptor
552 3354 658 3419 dicere
680 3354 781 3434 velit,
807 3354 843 3418 in
866 3355 1004 3421 obscuro
1027 3358 1089 3421 est.

173 3463 234 3529 Vs.
262 3463 303 3527 21
328 3480 496 3543 nusquam
518 3479 597 3526 cum
620 3460 756 3542 reliquis
778 3461 943 3526 cohaeret.

126 3569 192 3634 Hic
218 3565 302 3633 nihil
333 3568 506 3648 diligenter
534 3567 620 3633 satis
650 3570 826 3633 tractatur.
870 3566 958 3647 Lege
989 3585 1039 3633 vs.
1077 3570 1093 3634 1
1128 3568 1275 3650 nihilque

125 3676 252 3741 doctior
279 3675 412 3740 evades.
448 3674 500 3739 Sit
530 3674 671 3739 castitas
701 3690 785 3755 quae
817 3674 1088 3769 commendatur:
1113 3692 1171 3739 cur
1193 3675 1275 3740 nihil

126 3781 168 3846 de
196 3780 439 3846 matrimonio?
470 3780 533 3845 Sed
564 3779 706 3859 scriptor
726 3781 798 3861 jam
822 3783 976 3861 properat
998 3779 1040 3844 ad
1063 3780 1127 3869 alie
1149 3782 1185 3845 et
1208 3798 1274 3846 mo·

125 3904 248 3952 nemur
278 3903 322 3951 ne
352 3887 497 3951 velimus
529 3884 733 3963 ὑπερφρονεῖν,
757 3886 836 3951 licet
858 3885 1008 3951 omiserit
1030 3886 1115 3951 fines
1138 3888 1275 3951 circum-

128 3992 289 4073 scribere;
326 3992 384 4056 sed
416 3991 501 4072 qnod
532 3994 689 4056 vetamur
722 3992 795 4067 ποορ·
828 3980 841 4051 ὃ
874 3989 920 4053 δεῖ
946 3996 1074 4068 φρονεῖν,
1108 3991 1141 4055 id
1171 3993 1275 4057 etiarn

128 4101 253 4164 norunt
277 4098 335 4180 qni
358 4097 509 4162 nondum
531 4114 606 4163 aere
628 4097 800 4177 lavantur,
827 4113 888 4161 nec
906 4097 1054 4162 multum
1072 4097 1222 4178 proficies
1246 4098 1275 4163 si

128 4222 206 4272 cum
228 4205 323 4270 libris
346 4204 405 4269 Fi}
428 4221 468 4269 ea
491 4204 595 4269 verba
616 4202 787 4268 deleveris.
824 4202 901 4267 Vss.
928 4204 949 4267 6
972 4220 1043 4283 sqq.
1066 4204 1274 4269 enumeratio

128 4327 194 4375 non
227 4312 344 4376 minue
379 4310 471 4375 arida
501 4326 603 4391 quarn
632 4308 763 4390 copiosa
792 4309 855 4372 est.
890 4308 984 4373 inter
1013 4308 1210 4389 prophetam
1239 4311 1275 4374 et

129 4432 206 4481 eum
230 4417 289 4498 qui
308 4417 419 4496 docet,
440 4413 689 4490 internecuno,
710 4411 761 4476 τὸν
779 4411 985 4488 μετνδνδᾶντοι
1005 4417 1041 4480 ed
1058 4412 1108 4476 τὸν
1129 4414 1273 4478 ἐλεοῦντα

129 4540 200 4587 non·
229 4524 435 4588 arbitramur
470 4523 647 4588 discrimen
677 4521 795 4587 insane
825 4537 987 4601 magnum
1018 4520 1131 4587 fuisse.
1168 4521 1275 4602 Quam
